	date	ticker	revenue	ebit	cash-flow-from-operating-activities	current-ratio	debt-equity-ratio	gross-margin	net-profit-margin	roe	past-eps-earnings-per-share-diluted	eps-earnings-per-share-diluted	ebitda-margin
56	2009-09-30	TSLA	45.52700	-4.29100	-23.489			16.91080	-10.13680		-0.10400	-0.04400	0
55	2009-12-31	TSLA			-29.002						-0.04400	0.00000	0
54	2010-03-31	TSLA	20.81200	-25.99800	-27.32900			18.50860	-141.83640		0.00000	-0.26930	0
53	2010-06-30	TSLA	28.40500	-31.36200	-20.247	1.31180	-0.14960	22.04190	-135.59940	12.43390	-0.26930	-0.33600	0
52	2010-09-30	TSLA	31.24100	-37.83400	-45.957	3.47810	0.26110	29.75580	-111.82420	-15.88510	-0.33600	-0.02530	0
51	2010-12-31	TSLA	36.28600	-51.64400	-34.284	2.75680	0.35070	31.20210	-141.53390	-24.80440	-0.02530	0.42800	0
50	2011-03-31	TSLA	49.03000	-47.34600	-43.29700	2.00840	0.61510	36.76930	-99.81850	-29.17710	0.42800	-0.03400	0
49	2011-06-30	TSLA	58.17100	-58.73900	-22.488	3.01120	0.38690	31.81650	-101.25840	-16.90420	-0.03400	-0.04000	0
48	2011-09-30	TSLA	57.66600	-64.47700	-21.491	2.67300	0.76860	29.86860	-112.85330	-22.12650	-0.04000	-0.04200	0
47	2011-12-31	TSLA	39.37500	-80.92600	-40.758	1.94860	1.25040	19.89840	-206.95620	-36.37170	-0.04200	-0.05270	0
46	2012-03-31	TSLA	30.16700	-88.76300	-63.30000	1.52250	2.37800	33.84490	-297.91830	-58.40690	-0.05270	-0.05730	0
45	2012-06-30	TSLA	26.65300	-106.17500	-64.264	1.10680	7.05570	17.86670	-396.21430	-169.73870	-0.05730	-0.06670	0
44	2012-09-30	TSLA	50.10400	-108.46000	-101.026	0.73750	-17.02290	-17.48560	-221.14800	397.50310	-0.06670	-0.07000	0
43	2012-12-31	TSLA	306.33200	-90.88500	-35.225	0.97340	3.74230	7.78760	-29.35800	-72.11950	-0.07000	-0.05200	0
42	2013-03-31	TSLA	561.79200	-5.58400	64.07900	0.98200	2.70220	17.14510	2.00220	6.67210	-0.05200	0.00000	0
41	2013-06-30	TSLA	405.13900	-11.79200	-35.298	2.32160	0.94320	24.80210	-7.52880	-4.84600	0.00000	-0.01730	0
40	2013-09-30	TSLA	431.34600	-30.55400	102.036	1.04220	1.19980	23.84810	-8.92460	-6.82350	-0.01730	-0.02130	0
39	2013-12-31	TSLA	615.21890	-13.35310	133.987	1.87500	0.90970	25.45290	-2.64360	-2.43790	-0.02130	-0.00270	0
38	2014-03-31	TSLA	620.54200	-43.96700	58.72300	2.23280	2.41300	24.99880	-8.02520	-5.46020	-0.00270	-0.02670	0
37	2014-06-30	TSLA	769.34900	-28.75300	-1.662	2.18400	2.57330	27.68510	-8.04580	-6.49980	-0.02670	-0.03330	0
36	2014-09-30	TSLA	851.80400	-39.12900	-27.996	1.82790	2.57680	29.56680	-8.77060	-7.79760	-0.03330	-0.04000	0
35	2014-12-31	TSLA	956.66100	-74.83970	-86.402	1.50920	2.72900	27.35530	-11.25080	-11.80550	-0.04000	-0.05730	0
34	2015-03-31	TSLA	939.88000	-102.44600	-131.79400	1.33250	3.12900	27.67090	-16.40430	-18.66610	-0.05730	-0.08130	0
33	2015-06-30	TSLA	954.97600	-170.18790	-159.516	1.10240	3.75440	22.34300	-19.29130	-25.73240	-0.08130	-0.09670	0
32	2015-09-30	TSLA	936.78900	-183.66200	-203.34	1.17430	2.03810	24.71170	-24.53680	-17.48430	-0.09670	-0.11870	0
31	2015-12-31	TSLA	1214.38000	-260.33340	-29.849	0.98970	2.48800	17.99800	-26.38360	-29.56500	-0.11870	-0.16530	0
30	2016-03-31	TSLA	1147.04800	-248.22400	-249.60500	1.01630	3.25880	22.01020	-24.60810	-29.08880	-0.16530	-0.14200	0
29	2016-06-30	TSLA	1270.01700	-238.04000	150.336	1.38160	1.30300	21.63560	-23.08540	-11.63310	-0.14200	-0.13930	0
28	2016-09-30	TSLA	2298.43600	85.62210	423.649	1.26700	1.01300	27.70300	0.95190	0.81620	-0.13930	0.00930	0
27	2016-12-31	TSLA	2284.63100	-266.69840	-448.209	1.07430	1.26930	19.05240	-5.31100	-3.96290	0.00930	-0.04000	0
26	2017-03-31	TSLA	2696.27000	-257.54910	-69.81100	1.12530	1.40930	24.77300	-12.24940	-6.85170	-0.04000	-0.13600	0
25	2017-06-30	TSLA	2789.55700	-240.91600	-200.172	0.97140	1.27820	23.89680	-12.05920	-6.45930	-0.13600	-0.13600	0
24	2017-09-30	TSLA	2984.67500	-535.48020	-300.562	1.09270	1.73320	15.04820	-20.75190	-11.62240	-0.13600	-0.24670	0
23	2017-12-31	TSLA	3288.49900	-598.05470	509.545	0.85610	1.97050	13.35870	-20.55500	-14.73330	-0.24670	-0.27000	0
22	2018-03-31	TSLA	3408.75100	-596.97410	-398.37600	0.73800	2.02490	13.39280	-20.81560	-14.76370	-0.27000	-0.27930	0
21	2018-06-30	TSLA	4002.23100	-621.39210	-129.664	0.73290	2.45720	15.46460	-17.92850	-15.71010	-0.27930	-0.28130	0
20	2018-09-30	TSLA	6824.00000	416.00000	1391.04	0.81030	2.22150	22.33290	4.55740	4.79040	-0.28130	0.11670	0
19	2018-12-31	TSLA	7226.01900	414.36620	1235	0.83130	2.07960	19.96320	1.93870	3.65350	0.11670	0.06400	0
18	2019-03-31	TSLA	4541.00000	-522.00000	-640.00000	0.83070	2.10210	12.46420	-15.63530	-12.21740	0.06400	-0.27330	0
17	2019-06-30	TSLA	6350.00000	-167.00000	864	1.06190	1.98250	14.50390	-6.42520	-5.92060	-0.27330	-0.15400	0
16	2019-09-30	TSLA	6303.00000	261.00000	756	1.07830	1.93880	18.89580	2.26880	2.17960	-0.15400	0.05330	0
15	2019-12-31	TSLA	7384.00000	359.00000	1425	1.13460	1.79710	18.83800	1.53030	1.76780	0.05330	0.04730	0
14	2020-03-31	TSLA	5985.00000	283.00000	-440.00000	1.24250	1.38870	20.61820	0.26730	0.67730	0.04730	0.00670	0
13	2020-06-30	TSLA	6036.00000	327.00000	964	1.24990	1.31840	20.99070	1.72300	1.20290	0.00670	0.03330	0
12	2020-09-30	TSLA	8771.00000	809.00000	2400	1.63460	0.81300	23.52070	3.42040	2.18450	0.03330	0.09000	0
11	2020-12-31	TSLA	10744.00000	575.00000	3019	1.87510	0.50870	19.22930	2.51300	1.28280	0.09000	0.08000	0
10	2021-03-31	TSLA	10389.00000	594.00000	1641.00000	1.66060	0.45560	21.32060	4.21600	1.94440	0.08000	0.13000	0
9	2021-06-30	TSLA	11958.00000	1312.00000	2124	1.50830	0.36660	24.11780	9.55010	4.59350	0.13000	0.34000	0
8	2021-09-30	TSLA	13757.00000	2004.00000	3147	1.38510	0.29240	26.60460	11.76130	5.94860	0.34000	0.48000	0
7	2021-12-31	TSLA	17719.00000	2613.00000	4585	1.37530	0.22030	27.35480	13.12720	7.55440	0.48000	0.68000	0
6	2022-03-31	TSLA	18756.00000	3603.00000	3995.00000	1.35400	0.13770	29.11070	17.66370	9.38560	0.68000	0.95000	0
5	2022-06-30	TSLA	16934.00000	2464.00000	2351	1.43080	0.11900	25.00300	13.34000	6.09340	0.95000	0.65000	0
4	2022-09-30	TSLA	21454.00000	3688.00000	5100	1.46240	0.08730	25.08620	15.34450	8.18370	0.65000	0.95000	0
3	2022-12-31	TSLA	24318.00000	3901.00000	3278	1.53200	0.06810	23.75610	15.29320	8.14920	0.95000	1.07000	0
2	2023-03-31	TSLA	23329.00000	2664.00000	2513.00000	1.56720	0.05480	19.33650	10.79340	5.19990	1.07000	0.73000	0
1	2023-06-30	TSLA	24927.00000	2399.00000	3065	1.59010	0.04490	18.18510	10.84370	5.03720	0.73000	0.78000	0
0	2023-09-30	TSLA	23350.00000	1764.00000	3308	1.69020	0.08100	17.89290	7.93580	3.46380	0.78000	0.53000	0
58	2009-01-31	NVDA	481.13990	-175.08320	249.36	2.78450	0.01070	29.44380	-30.69070	-6.16640	0	-0.06000	0
57	2009-04-30	NVDA	664.23100	-230.96500	142.12800	2.87780	0.01090	28.55870	-30.31140	-8.68260	-0.06000	-0.09250	0
56	2009-07-31	NVDA	776.52000	-110.10690	135.117	2.43220	0.01120	20.18270	-13.56080	-4.68550	-0.09250	-0.04750	0
55	2009-10-31	NVDA	903.20600	107.84500	141.317	2.65270	0.01020	43.37690	11.91060	4.43870	-0.04750	0.04750	0
54	2010-01-31	NVDA	982.48800	134.28190	69.245	3.16280	0.00920	44.65410	13.34120	4.91820	0.04750	0.06250	0
53	2010-04-30	NVDA	1001.81300	147.39310	-5.39700	3.56330	0.00840	45.55510	13.73450	4.80990	0.06250	0.05750	0
52	2010-07-31	NVDA	811.20800	-175.20700	34.344	3.24240	0.00860	16.55460	-17.37670	-5.10630	0.05750	-0.06250	0
51	2010-10-31	NVDA	843.91200	103.78300	212.177	3.43880	0.00810	46.45770	10.05580	2.92840	-0.06250	0.03750	0
50	2011-01-31	NVDA	886.37600	179.77810	434.673	3.42320	0.00740	48.10140	19.36550	5.39540	0.03750	0.07500	0
49	2011-04-30	NVDA	962.03900	154.86200	172.20000	3.56390	0.00670	50.36210	14.05550	3.92190	0.07500	0.05500	0
48	2011-07-31	NVDA	1016.51700	174.03000	82.021	3.45470	0.00610	51.67490	14.91100	4.10830	0.05500	0.06250	0
47	2011-10-31	NVDA	1066.18000	197.09010	244.417	3.94740	0.00550	52.21600	16.72070	4.48660	0.06250	0.07250	0
46	2012-01-31	NVDA	953.19390	122.31670	410.518	4.19950	0.00520	51.40750	12.17220	2.79870	0.07250	0.04500	0
45	2012-04-30	NVDA	924.87700	72.82600	-9.20800	4.25600	0.00490	50.10010	6.53460	1.40960	0.04500	0.02500	0
44	2012-07-31	NVDA	1044.27000	139.62300	200.886	4.12330	0.00450	51.77960	11.39990	2.67300	0.02500	0.04750	0
43	2012-10-31	NVDA	1204.11000	252.21700	181.485	4.46340	0.00420	52.87370	17.36390	4.42700	0.04750	0.08250	0
42	2013-01-31	NVDA	1106.90200	183.57330	451.009	4.89160	0.00390	52.90460	15.71710	3.60360	0.08250	0.07000	0
41	2013-04-30	NVDA	954.73900	82.78100	175.65000	4.97700	0.00380	54.31520	8.15840	1.61430	0.07000	0.03250	0
40	2013-07-31	NVDA	977.23800	105.53400	96.469	4.19180	0.00420	55.82450	9.86940	2.31170	0.03250	0.04000	0
39	2013-10-31	NVDA	1053.96700	140.98800	162.315	4.10760	0.00390	55.44910	11.26540	2.74810	0.04000	0.05000	0
38	2014-01-31	NVDA	1144.05600	166.69700	400.566	5.94900	0.30830	54.14760	12.84260	3.29700	0.05000	0.06250	0
37	2014-04-30	NVDA	1103.00000	151.00000	151.00000	5.87320	0.33120	54.75980	12.42070	3.28770	0.06250	0.06000	0
36	2014-07-31	NVDA	1103.00000	163.00000	96	6.19020	0.32200	56.11970	11.60470	2.97340	0.06000	0.05500	0
35	2014-10-31	NVDA	1225.00000	213.00000	216	5.71910	0.33110	55.18370	14.12250	4.11450	0.05500	0.07750	0
34	2015-01-31	NVDA	1251.00000	232.00000	443	6.37610	0.31640	55.95520	15.42770	4.36850	0.07750	0.08750	0
33	2015-04-30	NVDA	1151.00000	176.00000	246.00000	6.60480	0.30820	56.73330	11.64210	2.94120	0.08750	0.06000	0
32	2015-07-31	NVDA	1153.00000	76.00000	163	5.99150	0.33720	54.98700	2.25500	0.62130	0.06000	0.01250	0
31	2015-10-31	NVDA	1305.00000	245.00000	255	6.82340	0.31740	56.24520	18.85060	5.50950	0.01250	0.11000	0
30	2016-01-31	NVDA	1401.00000	250.00000	511	2.57460	0.33790	56.38830	14.84650	4.65430	0.11000	0.08750	0
29	2016-04-30	NVDA	1305.00000	245.00000	319.00000	2.43580	0.35960	57.54790	15.93870	4.95710	0.08750	0.08750	0
28	2016-07-31	NVDA	1428.00000	317.00000	200	2.55750	0.33660	57.84310	18.27730	5.82590	0.08750	0.10250	0
27	2016-10-31	NVDA	2004.00000	639.00000	432	4.07010	0.57190	59.03190	27.04590	10.18030	0.10250	0.20750	0
26	2017-01-31	NVDA	2173.00000	733.00000	721	4.77400	0.48770	59.96320	30.14270	11.36760	0.20750	0.24500	0
25	2017-04-30	NVDA	1937.00000	554.00000	282.00000	8.25640	0.36040	59.37020	26.17450	8.26810	0.24500	0.19750	0
24	2017-07-31	NVDA	2230.00000	688.00000	705	7.81980	0.34710	58.38570	26.14350	9.76060	0.19750	0.23000	0
23	2017-10-31	NVDA	2636.00000	895.00000	1157	8.25610	0.31640	59.52200	31.79060	13.19270	0.23000	0.33250	0
22	2018-01-31	NVDA	2911.00000	1073.00000	1358	8.02690	0.26770	61.86880	38.44040	14.97790	0.33250	0.44500	0
21	2018-04-30	NVDA	3207.00000	1295.00000	1445.00000	8.54250	0.25920	64.48390	38.79020	16.12030	0.44500	0.49500	0
20	2018-07-31	NVDA	3123.00000	1157.00000	913	7.40830	0.22750	63.24050	35.25460	12.51850	0.49500	0.44000	0
19	2018-10-31	NVDA	3181.00000	1058.00000	487	7.08080	0.21000	60.38980	38.66710	12.98150	0.44000	0.49250	0
18	2019-01-31	NVDA	2205.00000	294.00000	898	7.94360	0.21280	54.73920	25.66890	6.05870	0.49250	0.23000	0
17	2019-04-30	NVDA	2220.00000	358.00000	720.00000	8.98480	0.20490	58.37840	17.74780	4.06020	0.23000	0.16000	0
16	2019-07-31	NVDA	2579.00000	571.00000	936	8.64920	0.19240	59.75190	21.40360	5.34060	0.16000	0.22500	0
15	2019-10-31	NVDA	3014.00000	927.00000	1640	8.42030	0.17750	63.57000	29.82750	8.01680	0.22500	0.36250	0
14	2020-01-31	NVDA	3105.00000	990.00000	1465	7.67380	0.16310	64.89530	30.62800	7.79250	0.36250	0.38250	0
13	2020-04-30	NVDA	3080.00000	976.00000	909.00000	10.29110	0.53130	65.06490	29.77270	7.00050	0.38250	0.36750	0
12	2020-07-31	NVDA	3866.00000	651.00000	1567	6.09170	0.50020	58.84640	16.08900	4.47030	0.36750	0.25000	0
11	2020-10-31	NVDA	4726.00000	1398.00000	1279	3.92290	0.45400	62.63220	28.26920	8.71270	0.25000	0.53000	0
10	2021-01-31	NVDA	5003.00000	1507.00000	2067	4.09040	0.41220	63.10210	29.12250	8.62490	0.53000	0.58250	0
9	2021-04-30	NVDA	5661.00000	1956.00000	1874.00000	4.52720	0.37090	64.10530	33.77500	10.18430	0.58250	0.76000	0
8	2021-07-31	NVDA	6507.00000	2444.00000	2682	5.80170	0.56480	64.77640	36.48380	11.22620	0.76000	0.94000	0
7	2021-10-31	NVDA	7103.00000	2671.00000	1519	7.14450	0.45990	65.19780	34.68960	10.35380	0.94000	0.97000	0
6	2022-01-31	NVDA	7643.00000	2970.00000	3033	6.65030	0.41130	65.41930	39.27780	11.28060	0.97000	1.18000	0
5	2022-04-30	NVDA	8288.00000	1868.00000	1731.00000	5.31730	0.41590	65.52850	19.52220	6.14740	1.18000	0.64000	0
4	2022-07-31	NVDA	6704.00000	499.00000	1270	3.62050	0.45910	43.48150	9.78520	2.75040	0.64000	0.26000	0
3	2022-10-31	NVDA	5931.00000	601.00000	392	3.38770	0.51290	53.56600	11.46520	3.18520	0.26000	0.27000	0
2	2023-01-31	NVDA	6051.00000	1256.00000	2248	3.51560	0.49560	63.34490	23.36800	6.39790	0.27000	0.57000	0
1	2023-04-30	NVDA	7192.00000	2140.00000	2911.00000	3.42740	0.44670	64.62740	28.40660	8.33200	0.57000	0.82000	0
0	2023-07-31	NVDA	13507.00000	6800.00000	6348	2.78660	0.35290	70.05260	45.81330	22.50100	0.82000	2.48000	0
57	2009-03-31	AAPL	9084.00000	2323.00000	4779	2.46190		39.92740	17.83360	6.66370	0	0.06390	0
56	2009-06-30	AAPL	9734.00000	2632.00000	2270	2.11090		40.91840	18.77950	7.06120	0.06390	0.07180	0
55	2009-09-30	AAPL	12207.00000	3684.00000	3110	2.74250		41.82030	20.74220	8.00250	0.07180	0.09930	0
54	2009-12-31	AAPL	15683.00000	4725.00000	5781.00000	2.54500		40.87870	21.53930	9.44420	0.09930	0.13110	0
53	2010-03-31	AAPL	13499.00000	3979.00000	2330	2.64420		41.66980	22.77210	7.81230	0.13110	0.11890	0
52	2010-06-30	AAPL	15700.00000	4234.00000	4801	2.30800		39.08280	20.71980	7.54560	0.11890	0.12540	0
51	2010-09-30	AAPL	20343.00000	5447.00000	5683	2.01130		36.92670	21.17680	9.01430	0.12540	0.16570	0
50	2010-12-31	AAPL	26741.00000	7827.00000	9773.00000	1.84610		38.51020	22.45240	10.98310	0.16570	0.22960	0
49	2011-03-31	AAPL	24667.00000	7874.00000	6219	1.93190		41.42380	24.27130	9.73860	0.22960	0.22860	0
48	2011-06-30	AAPL	28571.00000	9379.00000	11108	1.74610		41.72760	25.57840	10.53890	0.22860	0.27820	0
47	2011-09-30	AAPL	28270.00000	8710.00000	10429	1.60840		40.25470	23.42770	8.64450	0.27820	0.25210	0
46	2011-12-31	AAPL	46333.00000	17340.00000	17554.00000	1.58270		44.68310	28.19590	14.50690	0.25210	0.49540	0
45	2012-03-31	AAPL	39186.00000	15384.00000	13977	1.58300		47.37410	29.65860	11.33880	0.49540	0.43930	0
44	2012-06-30	AAPL	35023.00000	11573.00000	10189	1.57120		42.81190	25.19490	7.89650	0.43930	0.33290	0
43	2012-09-30	AAPL	35966.00000	10944.00000	9136	1.49580		40.04060	22.86330	6.95630	0.33290	0.31000	0
42	2012-12-31	AAPL	54512.00000	17210.00000	23426.00000	1.54330		38.63370	23.99110	10.26970	0.31000	0.49320	0
41	2013-03-31	AAPL	43603.00000	12558.00000	12504	1.78370		37.49510	21.89530	7.04630	0.49320	0.36040	0
40	2013-06-30	AAPL	35323.00000	9201.00000	7828	1.87830	0.13750	36.87120	19.53400	5.59370	0.36040	0.26750	0
39	2013-09-30	AAPL	37472.00000	10030.00000	9908	1.67860	0.13730	37.01700	20.04700	6.08020	0.26750	0.29890	0
38	2013-12-31	AAPL	57594.00000	17463.00000	22670.00000	1.49430	0.13080	37.93100	22.69680	10.07990	0.29890	0.51750	0
37	2014-03-31	AAPL	45646.00000	13593.00000	13538	1.63260	0.14110	39.31780	22.39630	8.50650	0.51750	0.41500	0
36	2014-06-30	AAPL	37432.00000	10282.00000	10255	1.47060	0.25670	39.36470	20.69890	6.40650	0.41500	0.32000	0
35	2014-09-30	AAPL	42123.00000	11165.00000	13250	1.08010	0.31640	38.00540	20.10070	7.59050	0.32000	0.36000	0
34	2014-12-31	AAPL	74599.00000	24246.00000	33722.00000	1.13300	0.29520	39.86780	24.16120	14.61470	0.36000	0.76500	0
33	2015-03-31	AAPL	58010.00000	18278.00000	19081	1.15600	0.34010	40.77920	23.39080	10.51810	0.76500	0.58250	0
32	2015-06-30	AAPL	49605.00000	14083.00000	14988	1.08680	0.43300	39.67540	21.52400	8.49560	0.58250	0.46250	0
31	2015-09-30	AAPL	51501.00000	14623.00000	13475	1.10880	0.53900	39.89830	21.59960	9.32010	0.46250	0.49500	0
30	2015-12-31	AAPL	75872.00000	24171.00000	27463.00000	1.00170	0.49090	40.09780	24.20000	14.31470	0.49500	0.82000	0
29	2016-03-31	AAPL	50557.00000	13987.00000	11601	1.28310	0.61220	39.40310	20.80030	8.06090	0.82000	0.47500	0
28	2016-06-30	AAPL	42358.00000	10105.00000	10634	1.31160	0.67120	38.02350	18.40500	6.16080	0.47500	0.35500	0
27	2016-09-30	AAPL	46852.00000	11761.00000	16533	1.35270	0.67860	38.01970	19.23930	7.02850	0.35500	0.42750	0
26	2016-12-31	AAPL	78351.00000	23359.00000	27234.00000	1.22820	0.66130	38.51390	22.83440	13.51390	0.42750	0.84000	0
25	2017-03-31	AAPL	52896.00000	14097.00000	12570	1.39060	0.73480	38.92730	20.85040	8.22560	0.84000	0.52500	0
24	2017-06-30	AAPL	45408.00000	10768.00000	8672	1.38830	0.81810	38.51300	19.19710	6.58260	0.52500	0.41750	0
23	2017-09-30	AAPL	52579.00000	13120.00000	15749	1.27610	0.86300	37.90680	20.37700	7.99270	0.41750	0.52000	0
22	2017-12-31	AAPL	88293.00000	26274.00000	28293.00000	1.24200	0.87300	38.40850	22.72550	14.31180	0.52000	0.97250	0
21	2018-03-31	AAPL	61137.00000	15894.00000	15130	1.45600	0.96030	38.31070	22.60820	10.89390	0.97250	0.68250	0
20	2018-06-30	AAPL	53265.00000	12612.00000	14488	1.30730	0.99700	38.33850	21.62580	10.02100	0.68250	0.58500	0
19	2018-09-30	AAPL	62900.00000	16118.00000	19523	1.13290	1.06850	38.28940	22.45630	13.18280	0.58500	0.74000	0
18	2018-12-31	AAPL	84310.00000	23346.00000	26690.00000	1.30060	0.97320	37.99190	23.68050	16.93500	0.74000	1.04500	0
17	2019-03-31	AAPL	58015.00000	13415.00000	11155	1.31540	1.06400	37.61270	19.92760	10.92100	1.04500	0.61500	0
16	2019-06-30	AAPL	53809.00000	11544.00000	11636	1.50460	1.12400	37.59040	18.66600	10.41300	0.61500	0.54500	0
15	2019-09-30	AAPL	64040.00000	15625.00000	19910	1.54010	1.19400	37.96530	21.37100	15.12470	0.54500	0.76500	0
14	2019-12-31	AAPL	91819.00000	25569.00000	30516.00000	1.59780	1.20950	38.35480	24.21720	24.83610	0.76500	1.25000	0
13	2020-03-31	AAPL	58313.00000	12853.00000	13311	1.49600	1.39630	38.36190	19.29070	14.34360	1.25000	0.64000	0
12	2020-06-30	AAPL	59685.00000	13091.00000	16271	1.46950	1.55950	37.99950	18.85400	15.56820	0.64000	0.65000	0
11	2020-09-30	AAPL	64698.00000	14775.00000	20576	1.36360	1.72080	38.16040	19.58790	19.39580	0.65000	0.74000	0
10	2020-12-31	AAPL	111439.00000	33534.00000	38763.00000	1.16300	1.69190	39.77780	25.80340	43.42080	0.74000	1.68000	0
9	2021-03-31	AAPL	89584.00000	27503.00000	23981	1.14170	1.75840	42.50650	26.37750	34.15830	1.68000	1.40000	0
8	2021-06-30	AAPL	81434.00000	24126.00000	21094	1.06190	1.89470	43.29270	26.70140	33.82700	1.40000	1.30000	0
7	2021-09-30	AAPL	83360.00000	23786.00000	20200	1.07460	1.97680	42.19530	24.65330	32.57410	1.30000	1.23000	0
6	2021-12-31	AAPL	123945.00000	41488.00000	46966.00000	1.03780	1.70710	43.76380	27.93980	48.14270	1.23000	2.10000	0
5	2022-03-31	AAPL	97278.00000	29979.00000	28166	0.92680	1.78020	43.74990	25.70980	37.10740	2.10000	1.52000	0
4	2022-06-30	AAPL	82959.00000	23076.00000	22892	0.86460	2.05980	43.25630	23.43570	33.45900	1.52000	1.20000	0
3	2022-09-30	AAPL	90146.00000	24894.00000	24127	0.87940	2.36950	42.25920	22.98610	40.89240	1.20000	1.29000	0
2	2022-12-31	AAPL	117154.00000	36016.00000	34005.00000	0.93800	1.95870	42.96230	25.60560	52.88130	1.29000	1.88000	0
1	2023-03-31	AAPL	94836.00000	28318.00000	28560	0.94040	1.76350	44.26170	25.47560	38.86870	1.88000	1.52000	0
0	2023-06-30	AAPL	81797.00000	22998.00000	26380	0.98160	1.81310	44.51630	24.30530	32.98440	1.52000	1.26000	0
58	2009-03-31	MSFT	13648.00000	4438.00000	15196	1.70940	0.05410	79.38160	21.81270	8.05840	0	0.33000	0
57	2009-06-30	MSFT	13099.00000	3987.00000	3841	1.82290	0.14530	80.25800	23.24610	7.69760	0.33000	0.34000	0
56	2009-09-30	MSFT	12920.00000	4482.00000	6107.00000	1.81600	0.14550	78.00310	27.66250	8.67220	0.34000	0.40000	0
55	2009-12-31	MSFT	19022.00000	8513.00000	4969	2.04110	0.13540	80.92740	35.02260	15.04420	0.40000	0.74000	0
54	2010-03-31	MSFT	14503.00000	5173.00000	7393	2.06320	0.13120	81.00390	27.62190	8.76390	0.74000	0.45000	0
53	2010-06-30	MSFT	16039.00000	5930.00000	5604	2.12930	0.12860	80.23570	28.16880	9.78450	0.45000	0.51000	0
52	2010-09-30	MSFT	16195.00000	7116.00000	8194.00000	2.30430	0.22720	80.61750	33.40540	11.52490	0.51000	0.62000	0
51	2010-12-31	MSFT	19953.00000	8165.00000	4186	2.45490	0.19950	75.77810	33.24810	13.68370	0.62000	0.77000	0
50	2011-03-31	MSFT	16428.00000	5709.00000	8672	2.75610	0.22290	76.27830	31.84810	9.78820	0.77000	0.61000	0
49	2011-06-30	MSFT	17367.00000	6171.00000	5942	2.60370	0.20880	78.64920	33.82280	10.29030	0.61000	0.69000	0
48	2011-09-30	MSFT	17372.00000	7203.00000	8493.00000	2.94680	0.20080	78.25810	33.03020	9.66140	0.69000	0.68000	0
47	2011-12-31	MSFT	20885.00000	7994.00000	5862	2.85790	0.18610	73.00460	31.71650	10.33050	0.68000	0.78000	0
46	2012-03-31	MSFT	17407.00000	6374.00000	9594	2.93700	0.17390	77.29650	29.34450	7.43970	0.78000	0.60000	0
45	2012-06-30	MSFT	18059.00000	192.00000	7677	2.60290	0.18000	76.94780	-2.72440	-0.74140	0.60000	-0.06000	0
44	2012-09-30	MSFT	16008.00000	5308.00000	8484.00000	2.67660	0.17360	73.96300	27.89860	6.48790	-0.06000	0.53000	0
43	2012-12-31	MSFT	21456.00000	7771.00000	4780	2.80710	0.19550	73.47130	29.72130	8.78670	0.53000	0.76000	0
42	2013-03-31	MSFT	20489.00000	7612.00000	9666	2.92910	0.18510	76.63630	29.55240	7.89560	0.76000	0.72000	0
41	2013-06-30	MSFT	19896.00000	6073.00000	5903	2.71180	0.19760	71.16000	24.95480	6.28930	0.72000	0.57000	0
40	2013-09-30	MSFT	18529.00000	6334.00000	8205.00000	2.87240	0.19510	72.23270	28.30160	6.42320	0.57000	0.62000	0
39	2013-12-31	MSFT	24519.00000	7969.00000	4413	3.16730	0.27000	66.05900	26.74660	7.70620	0.62000	0.78000	0
38	2014-03-31	MSFT	20403.00000	6974.00000	10099	3.21520	0.25940	70.70040	27.74100	6.47420	0.78000	0.68000	0
37	2014-06-30	MSFT	23382.00000	6482.00000	9785	2.50400	0.25220	67.35520	19.72460	5.13680	0.68000	0.55000	0
36	2014-09-30	MSFT	23201.00000	5844.00000	8354.00000	2.51580	0.26310	64.34210	19.56810	5.03490	0.55000	0.54000	0
35	2014-12-31	MSFT	26470.00000	7776.00000	4340	2.45410	0.30810	61.70760	22.14960	6.38120	0.54000	0.71000	0
34	2015-03-31	MSFT	21729.00000	6594.00000	10125	2.90560	0.35360	67.04400	22.94170	5.53080	0.71000	0.61000	0
33	2015-06-30	MSFT	22180.00000	-2053.00000	6849	2.47340	0.44070	66.33000	-14.40490	-3.98960	0.61000	-0.38000	0
32	2015-09-30	MSFT	20379.00000	5793.00000	8876.00000	2.46270	0.49800	64.63520	24.05420	6.32970	-0.38000	0.61000	0
31	2015-12-31	MSFT	23796.00000	6026.00000	5618	2.99730	0.57870	58.51400	21.08760	6.53560	0.61000	0.62000	0
30	2016-03-31	MSFT	20531.00000	5283.00000	10367	2.89540	0.62020	62.38860	18.29430	5.02100	0.62000	0.47000	0
29	2016-06-30	MSFT	26448.00000	8976.00000	8464	2.35290	0.74250	69.83140	25.94900	9.53230	0.47000	0.86000	0
28	2016-09-30	MSFT	21928.00000	6715.00000	11549.00000	2.68510	1.06140	64.22840	25.84370	8.05290	0.86000	0.72000	0
27	2016-12-31	MSFT	25826.00000	7905.00000	6293	2.04770	1.23490	61.66270	24.26620	9.10780	0.72000	0.80000	0
26	2017-03-31	MSFT	23212.00000	6723.00000	10660	2.81340	1.20480	65.27660	23.63430	7.86760	0.80000	0.70000	0
25	2017-06-30	MSFT	25605.00000	7682.00000	11005	2.91860	0.98270	66.97520	31.51340	9.19950	0.70000	1.03000	0
24	2017-09-30	MSFT	24538.00000	7708.00000	12440.00000	3.11980	0.95350	66.26460	26.79930	7.33540	1.03000	0.84000	0
23	2017-12-31	MSFT	28918.00000	8679.00000	7875	2.88530	1.13910	61.74010	-21.79270	-8.04240	0.84000	-0.82000	0
22	2018-03-31	MSFT	26819.00000	8292.00000	12151	3.39580	0.97370	65.43870	27.68190	9.36910	-0.82000	0.95000	0
21	2018-06-30	MSFT	30085.00000	10379.00000	11418	2.90080	0.92170	67.61840	29.49310	10.72680	0.95000	1.16000	0
20	2018-09-30	MSFT	29084.00000	9955.00000	13657.00000	2.91760	0.88670	65.94350	30.33970	10.26440	1.16000	1.14000	0
19	2018-12-31	MSFT	32471.00000	10258.00000	8900	3.11770	0.79420	61.74130	25.93080	9.13950	1.14000	1.08000	0
18	2019-03-31	MSFT	30571.00000	10341.00000	13520	2.96850	0.77060	66.73320	28.81490	9.28590	1.08000	1.14000	0
17	2019-06-30	MSFT	33717.00000	12405.00000	16108	2.52880	0.70530	69.11940	39.11080	12.88670	1.14000	1.70000	0
16	2019-09-30	MSFT	33055.00000	12686.00000	13818.00000	2.85450	0.65520	68.51910	32.30370	10.06780	1.70000	1.38000	0
15	2019-12-31	MSFT	36906.00000	13891.00000	10680	2.80140	0.63220	66.51490	31.56400	10.57950	1.38000	1.51000	0
14	2020-03-31	MSFT	35021.00000	12975.00000	17504	2.90430	0.58170	68.66170	30.70160	9.39030	1.51000	1.40000	0
13	2020-06-30	MSFT	38033.00000	13407.00000	18673	2.51580	0.53530	67.55710	29.45340	9.46880	1.40000	1.47000	0
12	2020-09-30	MSFT	37154.00000	15876.00000	19335.00000	2.52760	0.51500	70.38810	37.39300	11.25920	1.47000	1.82000	0
11	2020-12-31	MSFT	43076.00000	17897.00000	12516	2.57790	0.46470	67.04890	35.89700	11.87310	1.82000	2.03000	0
10	2021-03-31	MSFT	41706.00000	17048.00000	22179	2.29400	0.43160	68.72150	37.06180	11.49180	2.03000	2.03000	0
9	2021-06-30	MSFT	46152.00000	19095.00000	22710	2.08000	0.40950	69.68500	35.66040	11.59110	2.03000	2.17000	0
8	2021-09-30	MSFT	45317.00000	20238.00000	24540.00000	2.16480	0.35060	69.88770	45.24790	13.49210	2.17000	2.71000	0
7	2021-12-31	MSFT	51728.00000	22247.00000	14480	2.24730	0.33280	67.21310	36.27630	11.72740	2.71000	2.48000	0
6	2022-03-31	MSFT	49360.00000	20364.00000	25386	1.98770	0.30640	68.36510	33.88980	10.26740	2.48000	2.22000	0
5	2022-06-30	MSFT	51865.00000	20534.00000	24629	1.78460	0.29890	68.32350	32.27610	10.05150	2.22000	2.24000	0
4	2022-09-30	MSFT	50122.00000	21518.00000	23198.00000	1.84020	0.28010	69.17120	35.02650	10.11490	2.24000	2.35000	0
3	2022-12-31	MSFT	52747.00000	20399.00000	11173	1.93130	0.26270	66.84550	31.13920	8.96870	2.35000	2.20000	0
2	2023-03-31	MSFT	52857.00000	22352.00000	24441	1.91260	0.24760	69.48750	34.61980	9.39940	2.20000	2.45000	0
1	2023-06-30	MSFT	56189.00000	24254.00000	28770	1.76920	0.22910	70.10980	35.73830	9.73750	2.45000	2.68000	0
0	2023-09-30	MSFT	56517.00000	26895.00000	30583.00000	1.66350	0.32400	71.15560	39.44120	10.09950	2.68000	2.99000	0
58	2009-03-31	AMZN	4889.00000	244.00000	-585.00000	1.40030	0.02540	23.48130	3.62040	6.06580	0	0.02050	0
57	2009-06-30	AMZN	4651.00000	159.00000	468	1.45870	0.03350	24.36040	3.05310	4.36120	0.02050	0.01600	0
56	2009-09-30	AMZN	5449.00000	251.00000	799	1.40380	0.03240	23.36210	3.65200	5.55090	0.01600	0.02250	0
55	2009-12-31	AMZN	9520.00000	475.00000	2611	1.33040		20.76680	4.03360	7.30450	0.02250	0.04300	0
54	2010-03-31	AMZN	7131.00000	394.00000	-1098.00000	1.53360	0.02330	22.85790	4.19300	5.32220	0.04300	0.03300	0
53	2010-06-30	AMZN	6566.00000	270.00000	250	1.54630	0.02250	24.50500	3.15260	3.53420	0.03300	0.02250	0
52	2010-09-30	AMZN	7560.00000	268.00000	855	1.49950	0.02560	23.46560	3.05560	3.61110	0.02250	0.02550	0
51	2010-12-31	AMZN	12947.00000	474.00000	3488	1.32540	0.22740	20.31360	3.20540	6.04600	0.02550	0.04550	0
50	2011-03-31	AMZN	9857.00000	322.00000	-1586.00000	1.46030	0.24570	22.81630	2.03920	2.73580	0.04550	0.02200	0
49	2011-06-30	AMZN	9913.00000	201.00000	423	1.40200	0.27440	24.08960	1.92680	2.45980	0.02200	0.02050	0
48	2011-09-30	AMZN	10876.00000	79.00000	797	1.32590	0.29750	23.45530	0.57930	0.81120	0.02050	0.00700	0
47	2011-12-31	AMZN	17431.00000	260.00000	4269	1.17410	0.03290	20.65860	1.00970	2.26890	0.00700	0.01900	0
46	2012-03-31	AMZN	13185.00000	192.00000	-2438.00000	1.15880	0.35480	23.95150	0.98600	1.78790	0.01900	0.01400	0
45	2012-06-30	AMZN	12834.00000	107.00000	594	1.07560	0.34020	26.07140	0.05450	0.09330	0.01400	0.00050	0
44	2012-09-30	AMZN	13806.00000	-28.00000	943	1.04070	0.35430	25.25710	-1.98460	-3.62770	0.00050	-0.03000	0
43	2012-12-31	AMZN	21268.00000	405.00000	5081	1.12070	0.37650	24.12550	0.46080	1.19630	-0.03000	0.01100	0
42	2013-03-31	AMZN	16070.00000	181.00000	-2372.00000	1.13820	0.36050	26.56500	0.51030	0.97250	0.01100	0.00900	0
41	2013-06-30	AMZN	15704.00000	79.00000	880	1.10520	0.34830	28.62330	-0.04460	-0.08020	0.00900	-0.00100	0
40	2013-09-30	AMZN	17092.00000	-25.00000	1389	1.07430	0.33490	27.65040	-0.23990	-0.45120	-0.00100	-0.00450	0
39	2013-12-31	AMZN	25586.00000	510.00000	5578	1.07160	0.32740	26.50280	0.93800	2.46250	-0.00450	0.02600	0
38	2014-03-31	AMZN	19741.00000	146.00000	-2502.00000	1.05280	0.30470	28.80300	0.54710	1.04570	0.02600	0.01150	0
37	2014-06-30	AMZN	19340.00000	-15.00000	862	1.00020	0.29420	30.71870	-0.65150	-1.18850	0.01150	-0.01350	0
36	2014-09-30	AMZN	20579.00000	-544.00000	1767	0.89110	0.29980	28.92270	-2.12350	-4.22790	-0.01350	-0.04750	0
35	2014-12-31	AMZN	29328.00000	591.00000	6715	1.11530	0.76950	29.51790	0.72970	1.99240	-0.04750	0.02350	0
34	2015-03-31	AMZN	22717.00000	255.00000	-1499.00000	1.11840	0.75940	32.23140	-0.25090	-0.52420	0.02350	-0.00600	0
33	2015-06-30	AMZN	23185.00000	464.00000	1997	1.10370	0.70110	34.61290	0.39680	0.78180	-0.00600	0.00950	0
32	2015-09-30	AMZN	25358.00000	406.00000	2610	1.08220	0.66320	33.92620	0.31150	0.63560	0.00950	0.00850	0
31	2015-12-31	AMZN	35746.00000	1108.00000	8931	1.05360	0.61470	31.90570	1.34840	3.60130	0.00850	0.05050	0
30	2016-03-31	AMZN	29128.00000	1071.00000	-1953.00000	1.08250	0.55700	35.23070	1.76120	3.47660	0.05050	0.05350	0
29	2016-06-30	AMZN	30404.00000	1285.00000	3578	1.08900	0.49660	36.91620	2.81870	5.18200	0.05350	0.08900	0
28	2016-09-30	AMZN	32714.00000	575.00000	4659	1.06300	0.46140	35.01250	0.77030	1.41720	0.08900	0.02600	0
27	2016-12-31	AMZN	43741.00000	1255.00000	10919	1.04480	0.39900	33.79440	1.71240	3.88380	0.02600	0.07650	0
26	2017-03-31	AMZN	35714.00000	1005.00000	-1619.00000	1.05510	0.35480	37.16750	2.02720	3.34040	0.07650	0.07400	0
25	2017-06-30	AMZN	37955.00000	628.00000	3849	1.01200	0.33100	38.21370	0.51900	0.84860	0.07400	0.02000	0
24	2017-09-30	AMZN	43744.00000	347.00000	3777	1.03200	1.00210	37.02220	0.58520	1.03820	0.02000	0.02600	0
23	2017-12-31	AMZN	60453.00000	2126.00000	12358	1.04000	0.89300	36.32410	3.07020	6.69820	0.02600	0.18750	0
22	2018-03-31	AMZN	51042.00000	1927.00000	-1791.00000	1.05790	0.78310	39.78490	3.19150	5.17750	0.18750	0.16350	0
21	2018-06-30	AMZN	52886.00000	2983.00000	7449	1.07240	0.70400	42.07920	4.79140	7.24100	0.16350	0.25350	0
20	2018-09-30	AMZN	56576.00000	3724.00000	8588	1.08240	0.63090	41.66610	5.09580	7.36870	0.25350	0.28750	0
19	2018-12-31	AMZN	72383.00000	3787.00000	16477	1.09810	0.53950	38.12640	4.18190	6.95080	0.28750	0.30250	0
18	2019-03-31	AMZN	59700.00000	4420.00000	1846.00000	1.09010	0.48180	43.18260	5.96480	7.35590	0.30250	0.35450	0
17	2019-06-30	AMZN	63404.00000	3084.00000	9117	1.10210	0.43970	42.68970	4.14010	4.94710	0.35450	0.26100	0
16	2019-09-30	AMZN	69981.00000	3157.00000	7892	1.09590	0.39770	40.98110	3.04940	3.77650	0.26100	0.21150	0
15	2019-12-31	AMZN	87437.00000	3880.00000	19659	1.09700	0.37730	38.26760	3.73750	5.26590	0.21150	0.32350	0
14	2020-03-31	AMZN	75452.00000	3989.00000	3064.00000	1.07870	0.35910	41.34420	3.35980	3.88370	0.32350	0.25050	0
13	2020-06-30	AMZN	88912.00000	5843.00000	20605	1.18120	0.44930	40.77290	5.89680	7.11130	0.25050	0.51500	0
12	2020-09-30	AMZN	96145.00000	6194.00000	11964	1.10850	0.39780	40.60430	6.58480	7.64840	0.51500	0.61850	0
11	2020-12-31	AMZN	125555.00000	6873.00000	30431	1.05020	0.34060	36.85320	5.75210	7.73200	0.61850	0.70600	0
10	2021-03-31	AMZN	108518.00000	8865.00000	4213.00000	1.05200	0.30840	42.49530	7.47070	7.84650	0.70600	0.78950	0
9	2021-06-30	AMZN	113080.00000	7702.00000	12715	1.19570	0.43800	43.24730	6.87830	6.77510	0.78950	0.76000	0
8	2021-09-30	AMZN	110812.00000	4852.00000	7313	1.11720	0.41520	43.21010	2.84810	2.61770	0.76000	0.31000	0
7	2021-12-31	AMZN	137412.00000	3460.00000	22086	1.13580	0.35260	39.71780	10.42340	10.36060	0.31000	1.38050	0
6	2022-03-31	AMZN	116444.00000	3669.00000	-2790.00000	0.95960	0.35490	42.89190	-3.30120	-2.86860	1.38050	-0.38000	0
5	2022-06-30	AMZN	121234.00000	3317.00000	8965	0.95280	0.44180	45.21010	-1.67280	-1.54340	-0.38000	-0.20000	0
4	2022-09-30	AMZN	127101.00000	2525.00000	11404	0.93660	0.42850	44.71480	2.25960	2.08890	-0.20000	0.28000	0
3	2022-12-31	AMZN	149204.00000	2737.00000	29173	0.94460	0.45980	42.60210	0.18630	0.19040	0.28000	0.03000	0
2	2023-03-31	AMZN	127358.00000	4774.00000	4788.00000	0.92310	0.43410	46.77130	2.49060	2.05270	0.03000	0.31000	0
1	2023-06-30	AMZN	134383.00000	7681.00000	16476	0.94770	0.37420	48.37670	5.02300	4.00350	0.31000	0.65000	0
0	2023-09-30	AMZN	143083.00000	11188.00000	21217	0.98470	0.33390	47.56750	6.90440	5.39920	0.65000	0.94000	0
55	2009-12-31	META			155						0	0.00000	0
54	2010-03-31	META	345.00000	162.00000	0.00000			71.01450	27.53620		0.00000	0.00000	0
53	2010-06-30	META	431.00000	218.00000	0			74.24590	29.93040		0.00000	0.00000	0
52	2010-09-30	META	467.00000	216.00000	0			71.94860	28.05140		0.00000	0.00000	0
51	2010-12-31	META	731.00000	437.00000	0	5.77380	0.11560	79.48020	34.33650	41.41910	0.00000	0.00000	0
50	2011-03-31	META	731.00000	388.00000	345.00000			77.15460	20.93020		0.00000	0.11000	0
49	2011-06-30	META	895.00000	407.00000	129			76.53630	17.76540		0.11000	0.11000	0
48	2011-09-30	META	954.00000	414.00000	565			75.26210	15.72330		0.11000	0.10000	0
47	2011-12-31	META	1131.00000	548.00000	510	5.12120	0.13820	78.16090	18.12560	7.04950	0.10000	0.14000	0
46	2012-03-31	META	1058.00000	381.00000	441.00000	4.51780	0.13390	73.81850	12.94900	4.40200	0.14000	0.09000	0
45	2012-06-30	META	1184.00000	-743.00000	240	11.57350	0.05300	69.00340	-13.26010	-1.17970	0.09000	-0.08000	0
44	2012-09-30	META	1262.00000	377.00000	250	11.37500	0.06360	74.48500	-4.67510	-0.41630	-0.08000	-0.02000	0
43	2012-12-31	META	1585.00000	523.00000	681	10.71010	0.20040	74.88960	4.03790	0.54440	-0.02000	0.03000	0
42	2013-03-31	META	1458.00000	373.00000	719.00000	10.38760	0.19100	71.67350	14.88340	1.85220	0.03000	0.09000	0
41	2013-06-30	META	1813.00000	562.00000	1322	10.57500	0.17550	74.35190	18.25700	2.69660	0.09000	0.13000	0
40	2013-09-30	META	2016.00000	736.00000	950	10.72050	0.04410	74.85120	20.93250	3.25720	0.13000	0.17000	0
39	2013-12-31	META	2585.00000	1133.00000	1231	11.88180	0.03080	81.04450	20.15470	3.38070	0.17000	0.21000	0
38	2014-03-31	META	2502.00000	1075.00000	1285.00000	13.55830	0.02340	81.53480	25.53960	3.83580	0.21000	0.25000	0
37	2014-06-30	META	2910.00000	1390.00000	1341	12.81470	0.01780	83.74570	27.07900	4.31160	0.25000	0.30000	0
36	2014-09-30	META	3203.00000	1397.00000	1248	13.05920	0.01310	82.36030	25.03900	3.79510	0.30000	0.30000	0
35	2014-12-31	META	3851.00000	1132.00000	3452	9.40310	0.00650	83.04340	18.07320	1.94200	0.30000	0.25000	0
34	2015-03-31	META	3543.00000	933.00000	1700.00000	8.59340	0.00500	81.54110	14.36640	1.36530	0.25000	0.18000	0
33	2015-06-30	META	4042.00000	1273.00000	1880	9.01170	0.00380	83.47350	17.68930	1.82250	0.18000	0.25000	0
32	2015-09-30	META	4501.00000	1459.00000	2192	10.68030	0.00300	84.00360	19.79560	2.16320	0.25000	0.31000	0
31	2015-12-31	META	5842.00000	2560.00000	4548	11.24780	0.00260	85.87810	26.60050	3.53020	0.31000	0.55000	0
30	2016-03-31	META	5382.00000	2010.00000	3477.00000	13.16310		84.42960	32.18140	3.68610	0.55000	0.60000	0
29	2016-06-30	META	6436.00000	2734.00000	3665	12.21620		85.75200	35.36360	4.53130	0.60000	0.78000	0
28	2016-09-30	META	7011.00000	3117.00000	4036	11.68710		85.92210	37.36990	4.85450	0.78000	0.90000	0
27	2016-12-31	META	8809.00000	4566.00000	4930	11.96560		88.11440	40.41320	6.02930	0.90000	1.21000	0
26	2017-03-31	META	8032.00000	3327.00000	5058.00000	12.61270		85.57020	38.08520	4.92700	1.21000	1.04000	0
25	2017-06-30	META	9321.00000	4401.00000	5360	12.30890		86.72890	41.73370	5.85730	1.04000	1.32000	0
24	2017-09-30	META	10328.00000	5122.00000	6127	13.37460		85.97990	45.54610	6.61020	1.32000	1.59000	0
23	2017-12-31	META	12972.00000	7353.00000	7671	12.91570		87.58870	32.89390	5.74200	1.59000	1.44000	0
22	2018-03-31	META	11966.00000	5449.00000	7860.00000	9.91190		83.89600	41.67640	6.42620	1.44000	1.69000	0
21	2018-06-30	META	13231.00000	5863.00000	6298	10.67090		83.26660	38.59120	6.43220	1.69000	1.74000	0
20	2018-09-30	META	13727.00000	5781.00000	7498	8.99800		82.38510	37.42260	6.39390	1.74000	1.76000	0
19	2018-12-31	META	16914.00000	7820.00000	7618	7.19400		83.46930	40.68230	8.17930	1.76000	2.38000	0
18	2019-03-31	META	15077.00000	3317.00000	9308.00000	5.37950	0.07590	81.32260	16.11060	2.80760	2.38000	0.85000	0
17	2019-06-30	META	16886.00000	4626.00000	8616	4.46580		80.41570	15.49210	2.94720	0.85000	0.91000	0
16	2019-09-30	META	17652.00000	7185.00000	9307	4.65780		82.12670	34.50600	6.47990	0.91000	2.12000	0
15	2019-12-31	META	21082.00000	8858.00000	9083	4.39950		83.43610	34.85910	7.27230	2.12000	2.55000	0
14	2020-03-31	META	17737.00000	5893.00000	11001.00000	4.60210		80.49840	27.63710	4.65510	2.55000	1.71000	0
13	2020-06-30	META	18687.00000	5963.00000	3877	6.02490		79.50980	27.70910	4.68820	1.71000	1.80000	0
12	2020-09-30	META	21470.00000	8040.00000	9829	5.50900		80.46580	36.54400	6.66430	1.80000	2.71000	0
11	2020-12-31	META	28071.00000	12775.00000	14040	5.05110		81.43990	39.97010	8.74580	2.71000	3.87000	0
10	2021-03-31	META	26171.00000	11378.00000	12242.00000	6.08020		80.39430	36.28830	7.10550	3.87000	3.30000	0
9	2021-06-30	META	29077.00000	12367.00000	13247	5.42540		81.43210	35.74650	7.51950	3.30000	3.61000	0
8	2021-09-30	META	29010.00000	10423.00000	14090	4.23430		80.10690	31.69250	6.89410	3.61000	3.22000	0
7	2021-12-31	META	33671.00000	12585.00000	18104	3.15430		81.14700	30.54560	8.23600	3.22000	3.64000	0
6	2022-03-31	META	27908.00000	8524.00000	14076.00000	2.81060		78.48290	26.74860	6.05790	3.64000	2.72000	0
5	2022-06-30	META	28822.00000	8358.00000	12196	2.52000		81.98600	23.20100	5.31700	2.72000	2.46000	0
4	2022-09-30	META	27714.00000	5664.00000	9692	2.57040	0.08000	79.37510	15.85840	3.54170	2.46000	1.64000	0
3	2022-12-31	META	32165.00000	6398.00000	14511	2.20340	0.07890	74.08360	14.46600	3.70130	1.64000	1.77000	0
2	2023-03-31	META	28645.00000	7227.00000	13998.00000	2.06780	0.07950	78.67690	19.93020	4.57470	1.77000	2.20000	0
1	2023-06-30	META	31999.00000	9392.00000	17309	2.32480	0.13710	81.42130	24.33830	5.81050	2.20000	2.98000	0
0	2023-09-30	META	34146.00000	13748.00000	20402	2.56720	0.12870	81.81340	33.92200	8.10720	2.98000	4.39000	0
58	2009-03-31	AMD	1177.00000	-298.00000	-391.00000	1.91010	-34.95090	43.41550	-35.34410	253.98770	0	-0.66000	0
57	2009-06-30	AMD	1184.00000	-249.00000	-144	1.83630	-12.08820	37.24660	-27.87160	72.04300	-0.66000	-0.49000	0
56	2009-09-30	AMD	1396.00000	-77.00000	-142	1.88730	-10.00880	41.90550	-9.16910	23.72580	-0.49000	-0.18000	0
55	2009-12-31	AMD	1646.00000	1288.00000	1150	1.93440	7.30090	44.65370	71.56740	182.09880	-0.18000	1.78000	0
54	2010-03-31	AMD	1574.00000	182.00000	23.00000	2.02490	3.46480	47.07750	16.32780	32.28640	1.78000	0.35000	0
53	2010-06-30	AMD	1653.00000	125.00000	-98	2.03250	3.43090	44.64610	-2.60130	-5.71810	0.35000	-0.06000	0
52	2010-09-30	AMD	1618.00000	128.00000	-124	1.92910	3.90390	45.67370	-7.29300	-19.21820	-0.06000	-0.17000	0
51	2010-12-31	AMD	1649.00000	413.00000	-213	2.14700	2.38990	45.05760	22.74110	37.01880	-0.17000	0.52000	0
50	2011-03-31	AMD	1613.00000	54.00000	-168.00000	2.48070	1.43130	42.83940	31.61810	32.73430	0.52000	0.68000	0
49	2011-06-30	AMD	1574.00000	105.00000	174	2.62040	1.34000	45.74330	3.87550	3.71720	0.68000	0.08000	0
48	2011-09-30	AMD	1690.00000	138.00000	189	1.83940	1.18120	44.73370	5.73960	5.56190	0.08000	0.13000	0
47	2011-12-31	AMD	1691.00000	71.00000	187	1.82020	1.26790	45.71260	-10.46720	-10.88050	0.13000	-0.23000	0
46	2012-03-31	AMD	1585.00000	-580.00000	107.00000	1.36130	1.91920	1.70350	-37.22400	-56.08370	-0.23000	-0.80000	0
45	2012-06-30	AMD	1413.00000	77.00000	81	1.37460	1.80930	45.15220	2.61850	3.31240	-0.80000	0.05000	0
44	2012-09-30	AMD	1269.00000	-131.00000	-240	1.81030	2.06270	30.89050	-12.37200	-15.87460	0.05000	-0.21000	0
43	2012-12-31	AMD	1155.00000	-422.00000	-286	1.62130	3.79550	15.41130	-40.95240	-87.91820	-0.21000	-0.64000	0
42	2013-03-31	AMD	1088.00000	-98.00000	-155.00000	1.76990	4.92530	40.90070	-13.41910	-35.18070	-0.64000	-0.19000	0
41	2013-06-30	AMD	1161.00000	-29.00000	-35	1.69400	5.70200	39.53490	-6.37380	-20.61280	-0.19000	-0.10000	0
40	2013-09-30	AMD	1461.00000	95.00000	21	1.66800	4.72120	35.66050	3.28540	11.05990	-0.10000	0.06000	0
39	2013-12-31	AMD	1589.00000	135.00000	21	1.78240	3.78310	34.80180	5.60100	16.36030	0.06000	0.12000	0
38	2014-03-31	AMD	1397.00000	49.00000	-204.00000	1.94360	4.18400	34.86040	-1.43160	-3.91390	0.12000	-0.03000	0
37	2014-06-30	AMD	1441.00000	63.00000	-28	1.94820	4.41120	34.55930	-2.49830	-7.18560	-0.03000	-0.05000	0
36	2014-09-30	AMD	1429.00000	63.00000	18	1.92850	4.12710	34.56960	1.18960	3.17760	-0.05000	0.02000	0
35	2014-12-31	AMD	1239.00000	-330.00000	116	1.90000	11.82890	29.05570	-29.37850	-194.65240	0.02000	-0.47000	0
34	2015-03-31	AMD	1030.00000	-137.00000	-172.00000	1.93270	133.41180	31.65050	-17.47570	-1058.82300	-0.47000	-0.23000	0
33	2015-06-30	AMD	942.00000	-137.00000	-57	1.75200	-16.09220	24.62850	-19.21440	128.36880	-0.23000	-0.23000	0
32	2015-09-30	AMD	1061.00000	-158.00000	-56	1.70190	-6.72620	22.52590	-18.56740	58.63100	-0.23000	-0.25000	0
31	2015-12-31	AMD	958.00000	-49.00000	59	1.65360	-5.42960	29.54070	-10.64720	24.75730	-0.25000	-0.13000	0
30	2016-03-31	AMD	832.00000	-68.00000	-42.00000	1.67620	-4.44530	32.33170	-13.10100	21.67000	-0.13000	-0.14000	0
29	2016-06-30	AMD	1027.00000	-8.00000	-85	1.58510	-5.41890	31.06130	6.71860	-16.70700	-0.14000	0.08000	0
28	2016-09-30	AMD	1307.00000	-293.00000	29	1.91720	4.23900	4.51420	-31.06350	-105.45450	0.08000	-0.50000	0
27	2016-12-31	AMD	1153.00000	-4.00000	179	1.87960	3.44950	30.87600	-4.51000	-12.50000	-0.50000	-0.04000	0
26	2017-03-31	AMD	1178.00000	11.00000	-299.00000	1.82070	3.44250	32.08830	-2.80140	-8.06850	-0.04000	-0.04000	0
25	2017-06-30	AMD	1151.00000	-1.00000	-82	1.73290	3.39810	33.53610	-3.64900	-10.07190	-0.04000	-0.04000	0
24	2017-09-30	AMD	1584.00000	119.00000	69	1.69640	2.74230	36.04800	3.85100	11.73080	-0.04000	0.06000	0
23	2017-12-31	AMD	1340.00000	-2.00000	324	1.74090	2.34060	33.73140	-1.41790	-3.18790	0.06000	-0.01000	0
22	2018-03-31	AMD	1647.00000	120.00000	-107.00000	1.62110	1.94130	36.24770	4.91800	11.32870	-0.01000	0.08000	0
21	2018-06-30	AMD	1756.00000	153.00000	-55	1.65900	1.58480	37.12980	6.60590	13.19680	0.08000	0.11000	0
20	2018-09-30	AMD	1653.00000	150.00000	76	1.76460	1.15820	39.98790	6.17060	9.06670	0.11000	0.09000	0
19	2018-12-31	AMD	1419.00000	28.00000	120	1.78430	0.98740	37.84360	2.67790	3.00160	0.09000	0.04000	0
18	2019-03-31	AMD	1272.00000	38.00000	-213.00000	2.08450	0.61190	40.95910	1.25790	0.89490	0.04000	0.01000	0
17	2019-06-30	AMD	1531.00000	59.00000	30	2.08090	0.54230	40.56170	2.28610	1.84110	0.01000	0.03000	0
16	2019-09-30	AMD	1801.00000	186.00000	234	2.09870	0.40070	43.14270	6.66300	5.51470	0.03000	0.11000	0
15	2019-12-31	AMD	2127.00000	348.00000	442	1.94870	0.17190	44.61680	7.99250	6.01340	0.11000	0.15000	0
14	2020-03-31	AMD	1786.00000	177.00000	-65.00000	2.21160	0.16070	45.80070	9.07050	5.33420	0.15000	0.14000	0
13	2020-06-30	AMD	1932.00000	173.00000	243	2.09900	0.20880	43.89230	8.12630	4.75040	0.14000	0.13000	0
12	2020-09-30	AMD	2801.00000	449.00000	339	2.27550	0.09650	43.91290	13.92360	10.08530	0.13000	0.32000	0
11	2020-12-31	AMD	3244.00000	570.00000	554	2.54160	0.05650	44.72870	54.90140	30.51230	0.32000	1.47000	0
10	2021-03-31	AMD	3445.00000	662.00000	898.00000	2.51290	0.04830	46.06680	16.11030	8.56880	1.47000	0.45000	0
9	2021-06-30	AMD	3850.00000	831.00000	952	2.70330	0.04430	47.53250	18.44160	10.04950	0.45000	0.58000	0
8	2021-09-30	AMD	4313.00000	948.00000	849	2.24130	0.04390	48.36540	21.40040	12.93440	0.58000	0.75000	0
7	2021-12-31	AMD	4826.00000	1207.00000	822	2.02430	0.04180	50.26940	20.18240	12.99190	0.75000	0.79000	0
6	2022-03-31	AMD	5887.00000	951.00000	995.00000	2.39540	0.03230	47.86820	13.35150	1.42050	0.79000	0.56000	0
5	2022-06-30	AMD	6550.00000	526.00000	1038	2.43740	0.05030	46.22900	6.82440	0.81020	0.56000	0.27000	0
4	2022-09-30	AMD	5565.00000	-64.00000	965	2.15510	0.04520	42.30010	1.18600	0.12100	0.27000	0.04000	0
3	2022-12-31	AMD	5599.00000	-149.00000	567	2.35810	0.04510	42.91840	0.37510	0.03840	0.04000	-0.03000	0
2	2023-03-31	AMD	5353.00000	-145.00000	486.00000	2.38070	0.04510	44.06880	-2.59670	-0.25410	-0.03000	-0.09000	0
1	2023-06-30	AMD	5359.00000	-20.00000	379	2.17970	0.04470	45.58690	0.50380	0.04900	-0.09000	0.02000	0
0	2023-09-30	AMD	5800.00000	224.00000	421	2.18800	0.04490	47.36210	5.15520	0.54390	0.02000	0.18000	0
58	2009-03-31	GOOGL	5509.00000	1884.00000	2250.00000	10.11090		61.84430	25.83050	4.76750	0	0.11230	0
57	2009-06-30	GOOGL	5523.00000	1874.00000	1609	11.91170		61.83230	26.88760	4.70010	0.11230	0.11650	0
56	2009-09-30	GOOGL	5945.00000	2074.00000	2726	11.35060		62.55680	27.56940	4.86040	0.11650	0.12830	0
55	2009-12-31	GOOGL	6674.00000	2480.00000	2731	10.61780		63.91970	29.56250	5.47990	0.12830	0.15330	0
54	2010-03-31	GOOGL	6775.00000	2488.00000	2584.00000	10.65440		63.80810	28.85610	5.10670	0.15330	0.15150	0
53	2010-06-30	GOOGL	6820.00000	2365.00000	2085	6.11810		63.82700	26.97950	4.53060	0.15150	0.14280	0
52	2010-09-30	GOOGL	7286.00000	2547.00000	2886	4.62450	0.04900	64.97390	29.74200	5.00580	0.14280	0.16800	0
51	2010-12-31	GOOGL	8440.00000	2981.00000	3526	4.15790	0.07490	65.09480	30.13030	5.49940	0.16800	0.19550	0
50	2011-03-31	GOOGL	8575.00000	2296.00000	3172.00000	4.64100	0.06580	65.76090	20.96790	3.68060	0.19550	0.13780	0
49	2011-06-30	GOOGL	9026.00000	2881.00000	3519	5.95560	0.08080	64.85710	27.75320	4.81810	0.13780	0.19200	0
48	2011-09-30	GOOGL	9720.00000	3058.00000	3950	5.63030	0.07670	65.24690	28.07610	4.97720	0.19200	0.20830	0
47	2011-12-31	GOOGL	10584.00000	3507.00000	3924	5.91920	0.07230	65.02270	25.55750	4.65220	0.20830	0.20600	0
46	2012-03-31	GOOGL	10645.00000	3389.00000	3694.00000	5.83650	0.08840	64.40580	27.14890	4.68300	0.20600	0.21880	0
45	2012-06-30	GOOGL	11807.00000	3237.00000	4252	3.83930	0.09590	60.38790	23.58770	4.37730	0.21880	0.21050	0
44	2012-09-30	GOOGL	13304.00000	2740.00000	4004	3.93660	0.09120	55.23900	16.35600	3.17220	0.21050	0.16330	0
43	2012-12-31	GOOGL	10283.00000	4468.00000	4669	4.21660	0.07720	73.20820	28.06570	5.12030	0.16330	0.21550	0
42	2013-03-31	GOOGL	12951.00000	3748.00000	3633.00000	4.73950	0.06810	60.34280	25.83580	4.67450	0.21550	0.24850	0
41	2013-06-30	GOOGL	13107.00000	3465.00000	4705	4.36170	0.06330	60.36470	24.62810	3.51800	0.24850	0.23850	0
40	2013-09-30	GOOGL	13754.00000	3761.00000	5083	4.75700	0.06320	60.67330	21.59370	3.81130	0.23850	0.21900	0
39	2013-12-31	GOOGL	15707.00000	4429.00000	5238	4.58170	0.06010	60.18970	20.30310	4.23210	0.21900	0.23350	0
38	2014-03-31	GOOGL	15420.00000	4115.00000	4391.00000	4.62900	0.06810	61.34240	22.38650	3.97990	0.23350	0.25200	0
37	2014-06-30	GOOGL	15955.00000	4258.00000	5627	4.55660	0.05470	61.67970	21.00280	3.57080	0.25200	0.24400	0
36	2014-09-30	GOOGL	16523.00000	3724.00000	5994	4.47070	0.05300	59.48070	16.57690	2.95910	0.24400	0.19900	0
35	2014-12-31	GOOGL	18103.00000	4399.00000	7012	4.68780	0.05040	61.76880	25.37700	3.49220	0.19900	0.33350	0
34	2015-03-31	GOOGL	17258.00000	4447.00000	6722.00000	5.60220	0.04830	63.17070	20.36740	3.24120	0.33350	0.25500	0
33	2015-06-30	GOOGL	17727.00000	4825.00000	7096	4.84760	0.04680	62.86460	19.23060	3.51660	0.25500	0.24650	0
32	2015-09-30	GOOGL	18675.00000	4708.00000	6145	4.77340	0.04500	62.31860	21.30660	3.42310	0.24650	0.26650	0
31	2015-12-31	GOOGL	21329.00000	5380.00000	6609	4.66670	0.04340	61.61100	23.08130	4.09120	0.26650	0.37400	0
30	2016-03-31	GOOGL	20257.00000	5342.00000	7658.00000	5.14340	0.04210	62.24520	20.76810	3.40460	0.37400	0.30100	0
29	2016-06-30	GOOGL	21500.00000	5968.00000	9120	5.43440	0.03290	62.18600	22.68370	3.81380	0.30100	0.35000	0
28	2016-09-30	GOOGL	22451.00000	5767.00000	9845	6.88030	0.02940	61.25340	22.54240	3.77400	0.35000	0.36250	0
27	2016-12-31	GOOGL	26064.00000	6639.00000	9413	6.29080	0.02830	59.09680	20.46120	3.83570	0.36250	0.37900	0
26	2017-03-31	GOOGL	24750.00000	6568.00000	9548.00000	7.13120	0.02720	60.42420	21.92320	3.74340	0.37900	0.38650	0
25	2017-06-30	GOOGL	26010.00000	4132.00000	7403	6.01480	0.02670	60.11920	13.54860	2.37650	0.38650	0.25050	0
24	2017-09-30	GOOGL	27772.00000	7782.00000	9872	5.76740	0.02520	59.85890	24.24020	4.28520	0.25050	0.47850	0
23	2017-12-31	GOOGL	32323.00000	7696.00000	10268	5.14030	0.02600	55.86120	-9.34320	-1.98030	0.47850	-0.21550	0
22	2018-03-31	GOOGL	31146.00000	7633.00000	11642.00000	4.87360	0.03300	56.76170	30.18370	5.84550	-0.21550	0.66650	0
21	2018-06-30	GOOGL	32657.00000	3045.00000	10132	4.15200	0.02460	57.48840	9.78350	1.97220	0.66650	0.22700	0
20	2018-09-30	GOOGL	33740.00000	8625.00000	13210	4.14370	0.02350	57.67340	27.24360	5.41220	0.22700	0.65300	0
19	2018-12-31	GOOGL	39276.00000	8221.00000	12987	3.91900	0.02260	54.37930	22.78240	5.03750	0.65300	0.63850	0
18	2019-03-31	GOOGL	36339.00000	6608.00000	12000.00000	3.95900	0.02220	55.93720	18.31920	3.62830	0.63850	0.47500	0
17	2019-06-30	GOOGL	38944.00000	9180.00000	12627	3.98480	0.02120	55.58750	25.54180	5.17560	0.47500	0.71050	0
16	2019-09-30	GOOGL	40499.00000	9177.00000	15466	3.78230	0.02090	56.62120	17.45230	3.62520	0.71050	0.50600	0
15	2019-12-31	GOOGL	46075.00000	9266.00000	14427	3.37410	0.02260	54.37870	23.16010	5.29730	0.50600	0.76650	0
14	2020-03-31	GOOGL	41159.00000	7977.00000	11451.00000	3.65820	0.02460	53.88130	16.60880	3.35660	0.76650	0.49350	0
13	2020-06-30	GOOGL	38297.00000	6383.00000	13993	3.41450	0.01940	51.55500	18.17110	3.35660	0.49350	0.50650	0
12	2020-09-30	GOOGL	46173.00000	11213.00000	17003	3.41010	0.06530	54.26550	24.35840	5.28230	0.50650	0.82000	0
11	2020-12-31	GOOGL	56898.00000	15651.00000	22677	3.06680	0.06260	54.16360	26.76190	6.84220	0.82000	1.11000	0
10	2021-03-31	GOOGL	55314.00000	16437.00000	19289.00000	3.10420	0.06040	56.42510	32.41490	7.79520	1.11000	1.31450	0
9	2021-06-30	GOOGL	61880.00000	19361.00000	21890	3.15200	0.06030	57.61640	29.93700	7.79790	1.31450	1.36000	0
8	2021-09-30	GOOGL	65118.00000	21031.00000	25539	2.98000	0.05840	57.58320	29.07950	7.74270	1.36000	1.40000	0
7	2021-12-31	GOOGL	75325.00000	21885.00000	24934	2.92810	0.05890	56.20580	27.40390	8.20320	1.40000	1.53550	0
6	2022-03-31	GOOGL	68011.00000	20094.00000	25106.00000	2.87100	0.05820	56.47910	24.16670	6.47080	1.53550	1.23000	0
5	2022-06-30	GOOGL	69685.00000	19453.00000	19422	2.80950	0.05770	56.79990	22.96330	6.26500	1.23000	1.13000	0
4	2022-09-30	GOOGL	69092.00000	17135.00000	23353	2.51760	0.05780	54.90360	20.13260	5.48450	1.13000	1.06000	0
3	2022-12-31	GOOGL	76048.00000	18160.00000	23614	2.37800	0.05740	53.52670	17.91500	5.31890	1.06000	1.14000	0
2	2023-03-31	GOOGL	69787.00000	17415.00000	23509.00000	2.35260	0.05250	56.13510	21.56710	5.76900	1.14000	1.17000	0
1	2023-06-30	GOOGL	74604.00000	21838.00000	28666	2.17210	0.05130	57.21950	24.62070	6.87580	1.17000	1.35000	0
0	2023-09-30	GOOGL	76693.00000	21343.00000	30656	2.04310	0.05040	56.67270	25.67250	7.20680	1.35000	1.45000	0
57	2009-03-31	BRK.A	22784.00000	-1362.00000	4642.00000		0.35370		-6.73280	-1.35240	0	-0.65960	0
56	2009-06-30	BRK.A	29607.00000	6064.00000	2855		0.32640		11.12910	2.84760	-0.65960	1.41470	0
55	2009-09-30	BRK.A	29904.00000	6134.00000	4529		0.29090		10.82800	2.56270	1.41470	1.39020	0
54	2009-12-31	BRK.A	30198.00000	5730.00000	3820		0.27920		10.11990	2.32280	1.39020	1.31430	0
53	2010-03-31	BRK.A	32037.00000	6379.00000	3313.00000		0.37930		11.34000	2.50910	1.31430	1.51350	0
52	2010-06-30	BRK.A	31709.00000	4394.00000	3547		0.39300		6.20640	1.41680	1.51350	0.79600	0
51	2010-09-30	BRK.A	36274.00000	5939.00000	6971		0.37950		8.24010	2.01750	0.79600	1.20860	0
50	2010-12-31	BRK.A	36165.00000	7811.00000	4064		0.35950		12.10290	2.74530	1.20860	1.76350	0
49	2011-03-31	BRK.A	33720.00000	3496.00000	3502.00000		0.34420		4.48100	0.97710	1.76350	0.61070	0
48	2011-06-30	BRK.A	38274.00000	6588.00000	6481		0.34010		8.92770	2.12250	0.61070	1.38050	0
47	2011-09-30	BRK.A	33739.00000	4728.00000	5999		0.36910		6.75180	1.47060	1.38050	0.91910	0
46	2011-12-31	BRK.A	37955.00000	5804.00000	4494		0.35740		8.03060	1.88860	0.91910	1.23030	0
45	2012-03-31	BRK.A	38147.00000	6273.00000	4650.00000		0.34300		8.50660	1.86720	1.23030	1.30950	0
44	2012-06-30	BRK.A	38546.00000	6011.00000	4859		0.33640		8.06310	1.77810	1.30950	1.25380	0
43	2012-09-30	BRK.A	41050.00000	7312.00000	6651		0.33060		9.54930	2.14410	1.25380	1.58070	0
42	2012-12-31	BRK.A	44720.00000	5384.00000	4790		0.32750		10.17670	2.43280	1.58070	1.83690	0
41	2013-03-31	BRK.A	43867.00000	7981.00000	6055.00000		0.31290		11.15190	2.48240	1.83690	1.98340	0
40	2013-06-30	BRK.A	44693.00000	7582.00000	6856		0.31200		10.16040	2.24990	1.98340	1.84070	0
39	2013-09-30	BRK.A	46541.00000	8084.00000	7826		0.31100		10.85710	2.43720	1.84070	2.04800	0
38	2013-12-31	BRK.A	47049.00000	7950.00000	6967		0.32170		10.60600	2.25540	2.04800	2.02230	0
37	2014-03-31	BRK.A	45453.00000	7380.00000	4928.00000		0.31800		10.35140	2.07260	2.02230	1.90660	0
36	2014-06-30	BRK.A	49762.00000	9740.00000	6905		0.31290		12.85120	2.72770	1.90660	2.59100	0
35	2014-09-30	BRK.A	51199.00000	7567.00000	12324		0.31130		9.01780	1.96460	2.59100	1.87270	0
34	2014-12-31	BRK.A	48285.00000	6697.00000	7853		0.32870		8.60520	1.73560	1.87270	1.68550	0
33	2015-03-31	BRK.A	48644.00000	8522.00000	5963.00000		0.34220		10.61590	2.13730	1.68550	2.09400	0
32	2015-06-30	BRK.A	51368.00000	6813.00000	7980		0.33940		7.81230	1.64810	2.09400	1.62720	0
31	2015-09-30	BRK.A	58989.00000	14937.00000	10212		0.33790		15.98260	3.79080	1.62720	3.82220	0
30	2015-12-31	BRK.A	51942.00000	8311.00000	7336		0.32590		10.54640	2.14480	3.82220	2.21660	0
29	2016-03-31	BRK.A	52163.00000	7389.00000	7454.00000		0.38780		10.71450	2.16050	2.21660	2.26560	0
28	2016-06-30	BRK.A	54254.00000	7893.00000	7810		0.38090		9.21780	1.90870	2.26560	2.02690	0
27	2016-09-30	BRK.A	58843.00000	11343.00000	9833		0.37340		12.23260	2.68990	2.02690	2.91700	0
26	2016-12-31	BRK.A	49854.00000	20567.00000	7550		0.35610		12.60880	2.22650	2.91700	2.54740	0
25	2017-03-31	BRK.A	64370.00000	7249.00000	18295.00000		0.35090		6.30730	1.39700	2.54740	1.64490	0
24	2017-06-30	BRK.A	57256.00000	7508.00000	8327		0.33630		7.44380	1.43210	1.64490	1.72650	0
23	2017-09-30	BRK.A	59507.00000	7523.00000	10877		0.32540		6.83450	1.34780	1.72650	3.05110	0
22	2017-12-31	BRK.A	58800.00000	8289.00000	8229		0.29150		55.35880	9.27850	3.05110	11.78230	0
21	2018-03-31	BRK.A	58473.00000	-8215.00000	7556.00000		0.28230		-1.94620	-0.30510	11.78230	-0.46090	0
20	2018-06-30	BRK.A	62200.00000	23223.00000	8535		0.26750		19.31030	3.33840	-0.46090	4.86430	0
19	2018-09-30	BRK.A	63450.00000	39581.00000	10464		0.25730		29.21990	4.93040	4.86430	7.52000	0
18	2018-12-31	BRK.A	63714.00000	-62746.00000	10845		0.27660		-39.85310	-7.20310	7.52000	-10.29370	0
17	2019-03-31	BRK.A	60678.00000	49445.00000	7577.00000		0.26090		35.69830	5.83270	-10.29370	8.80000	0
16	2019-06-30	BRK.A	63598.00000	29850.00000	9185		0.25860		22.12810	3.66800	8.80000	5.73450	0
15	2019-09-30	BRK.A	64972.00000	32918.00000	9848		0.25450		25.43250	4.14810	5.73450	6.74000	0
14	2019-12-31	BRK.A	65368.00000	69973.00000	12077		0.24120		44.60750	6.82050	6.74000	11.92230	0
13	2020-03-31	BRK.A	61265.00000	-131751.00000	6798.00000		0.27780		-81.19810	-13.24420	11.92230	-20.42160	0
12	2020-06-30	BRK.A	56840.00000	88479.00000	10668		0.26860		46.26140	6.64740	-20.42160	10.87000	0
11	2020-09-30	BRK.A	63024.00000	71703.00000	11761		0.25690		47.81830	7.25480	10.87000	12.65400	0
10	2020-12-31	BRK.A	64450.00000	86901.00000	10546		0.25900		55.60120	8.00510	12.65400	14.66760	0
9	2021-03-31	BRK.A	64599.00000	22120.00000	9306.00000		0.25110		18.12880	2.59550	14.66760	5.09000	0
8	2021-06-30	BRK.A	69114.00000	65607.00000	10253		0.24060		40.64880	5.93670	5.09000	12.32000	0
7	2021-09-30	BRK.A	70583.00000	19666.00000	12067		0.23900		14.65510	2.21250	12.32000	4.59000	0
6	2021-12-31	BRK.A	71907.00000	91736.00000	7795		0.22190		55.13510	7.74820	4.59000	17.61000	0
5	2022-03-31	BRK.A	70843.00000	6830.00000	6826.00000		0.23150		7.87660	1.10380	17.61000	2.52000	0
4	2022-06-30	BRK.A	76201.00000	-119817.00000	8531		0.25360		-57.24470	-9.20720	2.52000	-19.76180	0
3	2022-09-30	BRK.A	76934.00000	-15611.00000	11666		0.25120		-3.49390	-0.55810	-19.76180	-1.22000	0
2	2022-12-31	BRK.A	78111.00000	37596.00000	10201		0.25480		22.92890	3.75080	-1.22000	8.11180	0
1	2023-03-31	BRK.A	85393.00000	80911.00000	8693.00000		0.24090		41.57720	6.96910	8.11180	16.24000	0
0	2023-06-30	BRK.A	92503.00000	80423.00000	12434		0.22850		38.82250	6.59900	16.24000	16.50550	0
58	2009-03-31	NFLX	394.09800	36.47100	65.63300	1.60940	0.11220	34.21230	5.67450	6.45750	0	0.05290	0
57	2009-06-30	NFLX	408.50900	52.78200	75.302	1.62210	0.11890	34.09130	7.94180	10.00180	0.05290	0.07710	0
56	2009-09-30	NFLX	423.12000	49.33700	78.311	1.15450	0.16490	34.94190	7.12350	12.98050	0.07710	0.07430	0
55	2009-12-31	NFLX	444.54200	53.34910	105.817	1.80720	1.19500	38.02930	6.95390	15.52300	0.07430	0.07860	0
54	2010-03-31	NFLX	493.66500	58.34500	77.20500	1.55900	1.61940	37.77930	6.53720	21.99340	0.07860	0.08430	0
53	2010-06-30	NFLX	519.81900	77.34200	60.252	1.70900	1.34260	39.41470	8.37200	24.63710	0.08430	0.11430	0
52	2010-09-30	NFLX	553.21900	69.50100	42.227	1.57720	1.23290	37.73370	6.86290	19.77710	0.11430	0.10000	0
51	2010-12-31	NFLX	595.92200	78.45310	96.717	1.63990	0.68930	34.42260	7.90290	16.23050	0.10000	0.12430	0
50	2011-03-31	NFLX	718.55300	102.24000	116.32300	1.47170	0.85490	39.02320	8.38250	21.84560	0.12430	0.15860	0
49	2011-06-30	NFLX	788.61000	115.11400	86.392	1.33400	0.70410	37.86820	8.64990	20.42130	0.15860	0.18000	0
48	2011-09-30	NFLX	821.83900	96.84200	49.531	1.22950	0.60420	34.70530	7.60000	16.08340	0.18000	0.16570	0
47	2011-12-31	NFLX	875.57480	61.87200	65.466	1.49450	0.62230	34.31120	4.02240	5.47890	0.16570	0.09000	0
46	2012-03-31	NFLX	869.79100	-1.93500	19.10900	1.42310	0.60300	28.26630	-0.52700	-0.69100	0.09000	-0.01140	0
45	2012-06-30	NFLX	889.16300	16.15410	19.407	1.42630	0.58120	27.63670	0.69320	0.89560	-0.01140	0.01570	0
44	2012-09-30	NFLX	905.08900	16.13500	-2.925	1.39220	0.55800	26.78750	0.84800	1.07070	0.01570	0.01860	0
43	2012-12-31	NFLX	945.23880	19.63790	-14.005	1.33700	0.53710	23.61100	0.83550	1.06050	0.01860	0.01860	0
42	2013-03-31	NFLX	1023.96100	31.82200	-12.25000	1.51420	0.86110	28.02930	0.26260	0.33080	0.01860	0.00710	0
41	2013-06-30	NFLX	1069.37200	57.11690	33.943	1.53890	0.45220	28.86720	2.75590	2.66560	0.00710	0.07000	0
40	2013-09-30	NFLX	1105.99900	57.12000	34.693	1.47240	0.41520	27.76670	2.87720	2.64220	0.07000	0.07430	0
39	2013-12-31	NFLX	1175.23000	82.28830	41.445	1.41990	0.37490	30.16880	4.12010	3.63100	0.07430	0.10860	0
38	2014-03-31	NFLX	1270.08900	97.59500	36.35900	1.58450	0.60880	31.56500	4.18200	3.59280	0.10860	0.12290	0
37	2014-06-30	NFLX	1340.40700	129.60000	56.024	1.57100	0.55910	31.74850	5.29820	4.41190	0.12290	0.16000	0
36	2014-09-30	NFLX	1409.43200	110.40710	-37.439	1.50020	0.52180	32.28520	4.20700	3.43760	0.16000	0.14000	0
35	2014-12-31	NFLX	1484.72800	65.04590	-38.461	1.47460	0.47690	31.68230	5.61520	4.48780	0.14000	0.19710	0
34	2015-03-31	NFLX	1573.12900	97.45610	-127.38200	1.84090	1.25710	33.48280	1.50630	1.24110	0.19710	0.05000	0
33	2015-06-30	NFLX	1644.69400	74.83500	-181.343	1.73930	1.18110	31.79570	1.60120	1.29600	0.05000	0.06000	0
32	2015-09-30	NFLX	1738.35500	73.64100	-195.969	1.66690	1.10740	32.46730	1.69310	1.35800	0.06000	0.07000	0
31	2015-12-31	NFLX	1823.33300	59.89420	-244.745	1.53890	1.06650	31.47900	2.36810	1.94200	0.07000	0.10000	0
30	2016-03-31	NFLX	1957.73600	49.45290	-228.59000	1.40930	1.02370	30.04470	1.41280	1.19360	0.10000	0.06000	0
29	2016-06-30	NFLX	2105.20400	70.37000	-226.293	1.32950	0.98230	30.02590	1.93590	1.68700	0.06000	0.09000	0
28	2016-09-30	NFLX	2290.18800	106.03610	-461.941	1.17740	0.93870	33.06910	2.24950	2.03710	0.09000	0.12000	0
27	2016-12-31	NFLX	2477.54100	153.93400	-557.16	1.24720	1.25540	24.03840	2.69410	2.49080	0.12000	0.16000	0
26	2017-03-31	NFLX	2636.63500	256.94190	-343.85600	1.15250	1.13170	37.15380	6.75940	5.99330	0.16000	0.40000	0
25	2017-06-30	NFLX	2785.46400	127.80690	-534.528	1.30800	1.55390	31.70590	2.35510	2.10760	0.40000	0.15000	0
24	2017-09-30	NFLX	2984.85900	208.62700	-419.607	1.20240	1.46930	33.23040	4.34160	3.89470	0.15000	0.29000	0
23	2017-12-31	NFLX	3285.75500	245.30300	-487.957	1.40310	1.81450	24.50170	5.64610	5.17920	0.29000	0.41000	0
22	2018-03-31	NFLX	3700.85600	446.57790	-236.75700	1.30170	1.62720	37.83660	7.83940	7.21570	0.41000	0.64000	0
21	2018-06-30	NFLX	3907.27000	462.21310	-518.239	1.53740	1.85520	38.51380	9.83680	8.54750	0.64000	0.85000	0
20	2018-09-30	NFLX	3999.37400	480.66800	-690.411	1.38610	1.66410	36.71190	10.07250	8.04120	0.85000	0.89000	0
19	2018-12-31	NFLX	4186.84100	215.76760	-1235.072	1.49430	1.97760	34.71450	3.19890	2.55660	0.89000	0.30000	0
18	2019-03-31	NFLX	4520.99200	459.08420	-379.79900	0.60790	1.80690	36.50480	7.61010	6.03280	0.30000	0.76000	0
17	2019-06-30	NFLX	4923.11600	706.41940	-543.754	0.84760	2.06270	38.94810	5.49750	4.43290	0.76000	0.60000	0
16	2019-09-30	NFLX	5244.90500	980.23880	-501.794	0.73410	1.81090	40.93470	12.68360	9.69530	0.60000	1.47000	0
15	2019-12-31	NFLX	5467.43500	458.51150	-1461.975	0.90120	1.94660	36.60610	10.73580	7.74150	1.47000	1.30000	0
14	2020-03-31	NFLX	5767.69100	958.25630	259.91200	0.82100	1.74440	37.58850	12.29380	8.43190	1.30000	1.57000	0
13	2020-06-30	NFLX	6148.28600	1357.92800	1041.076	1.12300	1.69200	40.73620	11.71380	7.71520	1.57000	1.59000	0
12	2020-09-30	NFLX	6435.63700	1314.86400	1263.761	1.23760	1.55300	39.90100	12.27500	7.64490	1.59000	1.74000	0
11	2020-12-31	NFLX	6644.44300	954.24070	-137.672	1.25060	1.47390	37.31370	8.15950	4.89960	1.74000	1.18000	0
10	2021-03-31	NFLX	7163.28200	1959.85600	777.26600	1.26950	1.20760	45.99530	23.82590	13.24670	1.18000	3.75000	0
9	2021-06-30	NFLX	7341.77700	1847.63000	-63.761	1.22610	1.12710	45.27200	18.42900	9.75930	3.75000	2.97000	0
8	2021-09-30	NFLX	7483.46700	1755.25300	82.379	1.16980	1.01170	43.78820	19.36360	9.46200	2.97000	3.19000	0
7	2021-12-31	NFLX	7709.31700	631.76860	-403.274	0.95060	0.97120	32.03580	7.87920	3.83250	3.19000	1.33000	0
6	2022-03-31	NFLX	7867.76700	1971.62500	922.83900	1.04630	0.82850	45.54100	20.30370	9.10540	1.33000	3.53000	0
5	2022-06-30	NFLX	7970.14100	1578.28300	102.75	1.04540	0.74610	41.14590	18.07940	7.55370	3.53000	3.20000	0
4	2022-09-30	NFLX	7925.58900	1533.01800	556.81	1.13530	0.67650	39.57970	17.64210	6.81130	3.20000	3.10000	0
3	2022-12-31	NFLX	7852.05300	549.90580	443.858	1.16840	0.69080	31.17510	0.70410	0.26610	3.10000	0.12000	0
2	2023-03-31	NFLX	8161.50300	1714.31700	2178.74000	1.26050	0.66140	41.14290	15.99120	5.97910	0.12000	2.88000	0
1	2023-06-30	NFLX	8187.30100	1827.18300	1440.232	1.32630	0.63370	42.91810	18.16970	6.51540	2.88000	3.29000	0
0	2023-09-30	NFLX	8541.66800	1916.39400	1992.315	1.29270	0.64690	42.27370	19.63810	7.58750	3.29000	3.73000	0
58	2009-03-31	XOM	64028.00000	7957.00000	8910.00000	1.30930	0.08260	22.72290	7.10630	4.22170	0	0.92000	0
57	2009-06-30	XOM	74457.00000	7860.00000	2197	1.15270	0.08340	19.97530	5.30510	3.55010	0.92000	0.81000	0
56	2009-09-30	XOM	82260.00000	9266.00000	8827	1.08300	0.08570	20.14950	5.75010	4.34500	0.81000	0.98000	0
55	2009-12-31	XOM	89841.00000	10242.00000	8504	1.06100	0.08320	20.03650	6.73410	5.32010	0.98000	1.27000	0
54	2010-03-31	XOM	90251.00000	12123.00000	13046.00000	1.06840	0.08030	21.72050	6.98050	5.58790	1.27000	1.33000	0
53	2010-06-30	XOM	92486.00000	12746.00000	9235	1.07600	0.14060	21.76110	8.17420	5.32860	1.33000	1.60000	0
52	2010-09-30	XOM	95298.00000	12912.00000	13077	1.01450	0.12150	21.99730	7.71260	5.02060	1.60000	1.44000	0
51	2010-12-31	XOM	105186.00000	15437.00000	13055	0.94170	0.09830	22.92420	8.79390	6.23270	1.44000	1.85000	0
50	2011-03-31	XOM	114004.00000	18946.00000	16856.00000	0.97890	0.10080	23.39220	9.34180	6.92750	1.85000	2.14000	0
49	2011-06-30	XOM	125486.00000	18664.00000	12889	0.97010	0.10190	21.37130	8.51090	6.73400	2.14000	2.18000	0
48	2011-09-30	XOM	125330.00000	18778.00000	14849	0.92540	0.10330	21.65160	8.24220	6.57840	2.18000	2.13000	0
47	2011-12-31	XOM	121609.00000	17116.00000	10751	0.94140	0.10600	20.99270	7.72970	6.04940	2.13000	1.97000	0
46	2012-03-31	XOM	124053.00000	17622.00000	19287.00000	0.95210	0.09540	20.62590	7.61770	5.97070	1.97000	2.00000	0
45	2012-06-30	XOM	127363.00000	26241.00000	10217	1.03790	0.09280	26.69380	12.49190	10.50930	2.00000	3.41000	0
44	2012-09-30	XOM	115141.00000	17379.00000	13442	1.02960	0.07210	22.04080	8.31150	5.75900	3.41000	2.09000	0
43	2012-12-31	XOM	114124.00000	17811.00000	13224	1.00500	0.06750	22.51500	8.71860	6.00140	2.09000	2.20000	0
42	2013-03-31	XOM	108357.00000	16062.00000	13592.00000	0.89310	0.07750	21.90450	8.76730	5.63970	2.20000	2.12000	0
41	2013-06-30	XOM	106666.00000	12853.00000	7683	0.86460	0.11280	19.66890	6.43130	4.06500	2.12000	1.55000	0
40	2013-09-30	XOM	112372.00000	14241.00000	13431	0.84270	0.12130	19.72380	7.00350	4.59830	1.55000	1.79000	0
39	2013-12-31	XOM	110860.00000	14564.00000	10208	0.82690	0.12580	20.63500	7.53200	4.78850	1.79000	1.91000	0
38	2014-03-31	XOM	106325.00000	15293.00000	15103.00000	0.88240	0.11680	21.56970	8.55870	5.12330	1.91000	2.10000	0
37	2014-06-30	XOM	111208.00000	14215.00000	10202	0.92070	0.11570	19.93110	7.89510	4.84610	2.10000	2.05000	0
36	2014-09-30	XOM	107130.00000	13498.00000	12396	0.88800	0.11650	19.92720	7.53290	4.45130	2.05000	1.89000	0
35	2014-12-31	XOM	87276.00000	8910.00000	7415	0.81860	0.16080	19.51630	7.52780	3.74560	1.89000	1.56000	0
34	2015-03-31	XOM	67618.00000	6723.00000	7998.00000	0.90570	0.18470	20.77410	7.30570	2.86000	1.56000	1.17000	0
33	2015-06-30	XOM	74113.00000	7039.00000	8792	0.88480	0.18910	19.82240	5.65350	2.38100	1.17000	1.00000	0
32	2015-09-30	XOM	67344.00000	5827.00000	9174	0.86150	0.19400	20.28390	6.29600	2.47910	1.00000	1.01000	0
31	2015-12-31	XOM	40173.00000	2688.00000	4380	0.78970	0.21880	27.25960	6.92010	1.60060	1.01000	0.67000	0
30	2016-03-31	XOM	48707.00000	1807.00000	4812.00000	0.90820	0.24150	19.54540	3.71610	0.99780	0.67000	0.43000	0
29	2016-06-30	XOM	57694.00000	2471.00000	4519	0.88980	0.25140	17.99670	2.94660	0.95040	0.43000	0.41000	0
28	2016-09-30	XOM	58677.00000	3332.00000	5355	0.85850	0.26070	18.74670	4.51630	1.63210	0.41000	0.63000	0
27	2016-12-31	XOM	43036.00000	812.00000	7396	0.86940	0.24600	31.53640	3.90370	1.16440	0.63000	0.41000	0
26	2017-03-31	XOM	58671.00000	6064.00000	8173.00000	0.80810	0.23730	23.43580	6.83470	2.22560	0.41000	0.95000	0
25	2017-06-30	XOM	58077.00000	4314.00000	6947	0.82790	0.22570	21.44570	5.76820	1.75640	0.95000	0.78000	0
24	2017-09-30	XOM	61100.00000	5694.00000	7535	0.85080	0.21460	22.85600	6.49750	2.15910	0.78000	0.93000	0
23	2017-12-31	XOM	66515.00000	3203.00000	7411	0.81590	0.21770	19.81810	12.59870	4.32340	0.93000	1.97000	0
22	2018-03-31	XOM	68211.00000	7444.00000	8519.00000	0.80120	0.20840	22.40840	6.81710	2.45390	1.97000	1.09000	0
21	2018-06-30	XOM	73501.00000	6659.00000	7780	0.80960	0.21300	20.24600	5.37410	2.05960	1.09000	0.92000	0
20	2018-09-30	XOM	76605.00000	9280.00000	11108	0.82670	0.20340	22.75180	8.14570	3.27490	0.92000	1.46000	0
19	2018-12-31	XOM	71895.00000	8336.00000	8607	0.83960	0.19040	23.78470	8.34550	3.12600	1.46000	1.41000	0
18	2019-03-31	XOM	63625.00000	4470.00000	8338.00000	0.77400	0.20620	19.56620	3.69350	1.21500	1.41000	0.55000	0
17	2019-06-30	XOM	69091.00000	4848.00000	5947	0.73620	0.22770	18.74630	4.53030	1.70860	0.55000	0.73000	0
16	2019-09-30	XOM	65049.00000	4953.00000	9079	0.77900	0.23920	20.34620	4.87330	1.64730	0.73000	0.75000	0
15	2019-12-31	XOM	67173.00000	6615.00000	6352	0.78220	0.23590	22.55370	8.47070	2.88030	0.75000	1.33000	0
14	2020-03-31	XOM	56158.00000	-9.00000	6274.00000	0.77580	0.31580	15.93010	-1.08620	-0.40800	1.33000	-0.14000	0
13	2020-06-30	XOM	32605.00000	-1323.00000	0	0.92570	0.37140	19.89570	-3.31240	-0.62460	-0.14000	-0.26000	0
12	2020-09-30	XOM	46199.00000	-93.00000	4389	0.86230	0.37270	16.87050	-1.47190	-0.38400	-0.26000	-0.15000	0
11	2020-12-31	XOM	46540.00000	-26300.00000	4005	0.79650	0.41210	16.57710	-43.12420	-12.55290	-0.15000	-4.70000	0
10	2021-03-31	XOM	59147.00000	3850.00000	9264.00000	0.80120	0.38590	19.99090	4.61560	1.70380	-4.70000	0.64000	0
9	2021-06-30	XOM	67742.00000	6561.00000	9650	0.84900	0.36610	20.95600	6.92330	2.88780	0.64000	1.10000	0
8	2021-09-30	XOM	73786.00000	9820.00000	12091	0.89810	0.33790	23.62640	9.14810	4.14430	1.10000	1.57000	0
7	2021-12-31	XOM	84965.00000	11950.00000	17124	1.04430	0.27150	24.42060	10.43960	5.16780	1.57000	2.08000	0
6	2022-03-31	XOM	90500.00000	8744.00000	14788.00000	1.07210	0.26930	22.44970	6.05520	3.25730	2.08000	1.28000	0
5	2022-06-30	XOM	115681.00000	25127.00000	19963	1.16290	0.25410	28.10660	15.43040	10.06680	1.28000	4.21000	0
4	2022-09-30	XOM	112070.00000	25631.00000	24425	1.34070	0.23530	30.31050	17.54260	10.46300	4.21000	4.68000	0
3	2022-12-31	XOM	95429.00000	19049.00000	17621	1.41400	0.20340	28.70510	13.36070	6.44780	4.68000	3.09000	0
2	2023-03-31	XOM	86564.00000	16962.00000	16341.00000	1.45840	0.20080	27.61430	13.20410	5.73750	3.09000	2.79000	0
1	2023-06-30	XOM	82914.00000	11905.00000	9383	1.48440	0.20050	22.78630	9.50380	3.93870	2.79000	1.94000	0
0	2023-09-30	XOM	90760.00000	13868.00000	15963	1.42080	0.19880	23.44210	9.99340	4.50340	1.94000	2.25000	0
58	2009-01-31	AVGO	368.00000	30.00000	-4.00000			38.85870	1.63040		0	0.03000	0
57	2009-04-30	AVGO	325.00000	-11.00000	66			30.15390	-9.53850		0.03000	-0.14000	0
56	2009-07-31	AVGO	363.00000	24.00000	31	2.45420	0.93010	38.84300	0.55100	0.26390	-0.14000	0.01000	0
55	2009-10-31	AVGO	428.00000	5.00000	46	1.36490	0.57600	41.58880	-4.90650	-2.01920	0.01000	-0.10000	0
54	2010-01-31	AVGO	456.00000	78.00000	41.00000	2.24600	0.21620	42.54390	8.33330	3.49590	-0.10000	0.16000	0
53	2010-04-30	AVGO	515.00000	108.00000	115	2.58720	0.19670	45.24270	17.47570	7.50000	0.16000	0.37000	0
52	2010-07-31	AVGO	550.00000	135.00000	137	3.06320	0.17700	47.81820	22.36360	9.22730	0.37000	0.50000	0
51	2010-10-31	AVGO	572.00000	145.00000	217	1.92390	0.15680	48.25180	28.67130	10.89700	0.50000	0.66000	0
50	2011-01-31	AVGO	550.00000	142.00000	67.00000	3.83970	0.00430	49.27270	21.63640	7.23840	0.66000	0.48000	0
49	2011-04-30	AVGO	560.00000	138.00000	253	3.81080	0.00340	49.10710	24.10710	7.53770	0.48000	0.54000	0
48	2011-07-31	AVGO	603.00000	145.00000	211	3.95180	0.00320	49.25370	23.88060	7.70050	0.54000	0.57000	0
47	2011-10-31	AVGO	623.00000	159.00000	195	3.98000	0.00300	48.79620	24.71910	7.67700	0.57000	0.60000	0
46	2012-01-31	AVGO	563.00000	132.00000	139.00000	4.36940	0.00250	47.95740	22.20250	6.12750	0.60000	0.50000	0
45	2012-04-30	AVGO	577.00000	137.00000	211	4.23600	0.00180	48.18020	23.22360	6.18370	0.50000	0.54000	0
44	2012-07-31	AVGO	606.00000	149.00000	128	4.62280	0.00130	48.67990	23.92740	6.33460	0.54000	0.58000	0
43	2012-10-31	AVGO	618.00000	164.00000	215	4.88730	0.00120	48.38190	25.72820	6.57300	0.58000	0.63000	0
42	2013-01-31	AVGO	576.00000	124.00000	185.00000	6.18410	0.00120	47.91670	21.70140	4.96430	0.63000	0.50000	0
41	2013-04-30	AVGO	562.00000	118.00000	188	5.50910	0.00110	48.39860	20.10680	4.32780	0.50000	0.45000	0
40	2013-07-31	AVGO	644.00000	140.00000	137	4.31840	0.00110	47.20500	22.04970	5.20910	0.45000	0.56000	0
39	2013-10-31	AVGO	738.00000	170.00000	212	4.39130		46.88350	23.30620	5.95980	0.56000	0.68000	0
38	2014-01-31	AVGO	709.00000	139.00000	229.00000	5.10710	0.00070	47.81380	18.89990	4.47860	0.68000	0.53000	0
37	2014-04-30	AVGO	701.00000	160.00000	251	4.88940		50.92730	22.53920	5.00950	0.53000	0.61000	0
36	2014-07-31	AVGO	1269.00000	-162.00000	314	4.08510	1.78110	30.96930	-12.92360	-3.87350	0.61000	-0.65000	0
35	2014-10-31	AVGO	1590.00000	301.00000	381	3.77460	1.69870	49.55980	8.49060	4.22450	-0.65000	0.50000	0
34	2015-01-31	AVGO	1635.00000	401.00000	481.00000	4.84970	1.51600	50.51990	21.46790	9.31640	0.50000	1.26000	0
33	2015-04-30	AVGO	1614.00000	418.00000	663	4.49890	1.20610	52.41640	21.31350	8.34770	1.26000	1.21000	0
32	2015-07-31	AVGO	1735.00000	299.00000	592	3.32880	0.92530	50.95100	13.83290	5.69960	1.21000	0.84000	0
31	2015-10-31	AVGO	1840.00000	514.00000	582	3.35920	0.82140	54.18480	23.31520	9.97030	0.84000	1.54000	0
30	2016-01-31	AVGO	1771.00000	475.00000	474.00000	4.60670	0.76900	53.13380	21.28740	7.36180	1.54000	1.30000	0
29	2016-04-30	AVGO	3541.00000	-1001.00000	622	2.52240	0.65930	29.53970	-33.49340	-5.34660	1.30000	-3.02000	0
28	2016-07-31	AVGO	3792.00000	-264.00000	963	2.21700	0.60940	46.99370	-7.85870	-1.34640	-3.02000	-0.75000	0
27	2016-10-31	AVGO	4136.00000	381.00000	1352	2.31480	0.62360	52.49030	-15.28050	-2.77020	-0.75000	-2.39000	0
26	2017-01-31	AVGO	4139.00000	506.00000	1353.00000	3.46370	0.61620	48.34500	5.77430	1.16770	-2.39000	0.57000	0
25	2017-04-30	AVGO	4190.00000	474.00000	1583	4.12670	0.60720	47.15990	10.50120	2.09460	0.57000	1.05000	0
24	2017-07-31	AVGO	4463.00000	648.00000	1656	4.48290	0.59780	48.15150	10.77750	2.24190	1.05000	1.14000	0
23	2017-10-31	AVGO	4844.00000	743.00000	1959	6.25660	0.75680	49.19490	10.98270	2.39800	1.14000	1.26000	0
22	2018-01-31	AVGO	5327.00000	943.00000	1685.00000	5.69540	0.60490	49.33360	116.95140	22.62990	1.26000	14.62000	0
21	2018-04-30	AVGO	5014.00000	1201.00000	2313	5.87290	0.54880	50.87750	74.15240	11.65060	14.62000	8.33000	0
20	2018-07-31	AVGO	5063.00000	1339.00000	2247	3.97580	0.64130	51.72820	23.62240	4.36030	8.33000	2.71000	0
19	2018-10-31	AVGO	5444.00000	1652.00000	2635	3.89520	0.65620	53.91260	20.48130	4.18280	2.71000	2.78000	0
18	2019-01-31	AVGO	5789.00000	555.00000	2132.00000	1.27010	1.62080	55.41550	8.13610	2.07110	2.78000	1.12000	0
17	2019-04-30	AVGO	5517.00000	970.00000	2667	1.25570	1.69350	55.99060	12.52490	3.12560	1.12000	1.64000	0
16	2019-07-31	AVGO	5515.00000	865.00000	2419	1.31590	1.74700	55.01360	12.96460	3.32510	1.64000	1.71000	0
15	2019-10-31	AVGO	5776.00000	1054.00000	2479	1.43750	1.31500	54.57060	14.16210	3.39600	1.71000	1.96000	0
14	2020-01-31	AVGO	5858.00000	714.00000	2322.00000	1.56470	1.83510	55.71870	5.30900	1.55940	1.96000	0.74000	0
13	2020-04-30	AVGO	5742.00000	766.00000	3213	2.15450	1.91560	55.53810	8.49880	2.37240	0.74000	1.17000	0
12	2020-07-31	AVGO	5821.00000	1008.00000	3178	2.04130	1.86880	56.96620	10.54800	2.92480	1.17000	1.45000	0
11	2020-10-31	AVGO	6467.00000	1526.00000	3348	1.86710	1.71990	57.94030	19.32890	5.54580	1.45000	2.97000	0
10	2021-01-31	AVGO	6655.00000	1837.00000	3113.00000	2.13620	1.74910	59.38390	19.59430	5.74810	2.97000	3.05000	0
9	2021-04-30	AVGO	6610.00000	1975.00000	3569	2.21330	1.68920	61.37670	21.43720	6.23670	3.05000	3.30000	0
8	2021-07-31	AVGO	6778.00000	2126.00000	3541	2.40520	1.66220	61.92090	26.58600	7.70750	3.30000	4.20000	0
7	2021-10-31	AVGO	7407.00000	2581.00000	3541	2.64070	1.59160	62.61640	25.84040	7.96810	4.20000	4.45000	0
6	2022-01-31	AVGO	7706.00000	3108.00000	3486.00000	2.44010	1.72000	65.52040	31.11860	10.76280	4.45000	5.59000	0
5	2022-04-30	AVGO	8103.00000	3394.00000	4243	2.14330	1.88270	67.12330	31.03790	12.35510	5.59000	5.93000	0
4	2022-07-31	AVGO	8464.00000	3737.00000	4424	2.32180	1.89190	67.11960	35.43240	14.72500	5.93000	7.15000	0
3	2022-10-31	AVGO	8930.00000	3986.00000	4583	2.62390	1.74010	66.36060	37.07730	14.79150	7.15000	7.86000	0
2	2023-01-31	AVGO	8915.00000	4103.00000	4036.00000	2.51720	1.68520	67.34720	42.33320	16.19050	7.86000	8.80000	0
1	2023-04-30	AVGO	8733.00000	4008.00000	4502	2.37930	1.78630	70.02180	39.86030	15.81770	8.80000	8.15000	0
0	2023-07-31	AVGO	8876.00000	3856.00000	4719	2.49600	1.78180	69.44570	37.21270	14.95990	8.15000	7.74000	0
58	2009-03-31	JPM	29584.00000		50756.00000		4.85820		9.24580	1.54920	0	0.40000	0
57	2009-06-30	JPM	29502.00000		52503		5.25160		6.09370	1.85590	0.40000	0.28000	0
56	2009-09-30	JPM	30145.00000		7625		5.06330		17.49650	2.27900	0.28000	0.82000	0
55	2009-12-31	JPM	26401.00000		11913		4.53750		18.53280	2.08510	0.82000	0.76000	0
54	2010-03-31	JPM	30806.00000		17394.00000		4.84780		14.39430	2.12430	0.76000	0.74000	0
53	2010-06-30	JPM	28133.00000		28333		4.12850		20.07080	2.94230	0.74000	1.09000	0
52	2010-09-30	JPM	26928.00000		-50590		4.70470		19.50880	2.66100	1.09000	1.01000	0
51	2010-12-31	JPM	29608.00000		1111		4.33350		19.11950	2.87040	1.01000	1.12000	0
50	2011-03-31	JPM	28763.00000		-5979.00000		4.31440		21.35370	3.21470	1.12000	1.28000	0
49	2011-06-30	JPM	30575.00000		64704		4.17350		20.29320	3.10200	1.28000	1.27000	0
48	2011-09-30	JPM	27106.00000		7793		4.10620		18.43390	2.44260	1.27000	1.02000	0
47	2011-12-31	JPM	24394.00000		29414		3.73440		17.77880	2.12090	1.02000	0.91000	0
46	2012-03-31	JPM	29087.00000		4266.00000		3.85950		18.07230	2.71340	0.91000	1.19000	0
45	2012-06-30	JPM	25133.00000		41983		3.76100		21.09620	2.69900	1.19000	1.21000	0
44	2012-09-30	JPM	27799.00000		-16659		3.61060		22.88820	2.99420	1.21000	1.40000	0
43	2012-12-31	JPM	26055.00000		-4511		3.44510		23.13350	2.91880	1.40000	1.40000	0
42	2013-03-31	JPM	27554.00000		19964.00000		3.51720		25.01940	3.31210	1.40000	1.59000	0
41	2013-06-30	JPM	27579.00000		68520		3.63600		24.24500	3.28440	1.59000	1.60000	0
40	2013-09-30	JPM	25408.00000		26383		3.45670		-2.74730	-0.19440	1.60000	-0.17000	0
39	2013-12-31	JPM	26176.00000		-6914		3.18520		20.89200	2.62020	-0.17000	1.32000	0
38	2014-03-31	JPM	25341.00000		14667.00000		3.30220		21.87790	2.57560	1.32000	1.28000	0
37	2014-06-30	JPM	26741.00000		-4371		3.18350		23.21350	2.86330	1.28000	1.46000	0
36	2014-09-30	JPM	26288.00000		-2449		3.03780		21.62620	2.63480	1.46000	1.35000	0
35	2014-12-31	JPM	24639.00000		28746		3.09790		20.48380	2.32960	1.35000	1.20000	0
34	2015-03-31	JPM	25954.00000		14879.00000		3.05320		23.59460	2.75880	1.20000	1.45000	0
33	2015-06-30	JPM	25642.00000		17296		2.81630		25.24810	2.90820	1.45000	1.54000	0
32	2015-09-30	JPM	24595.00000		25124		2.69230		28.37360	3.09750	1.54000	1.68000	0
31	2015-12-31	JPM	24815.00000		16167		2.44330		23.81900	2.45320	1.68000	1.33000	0
30	2016-03-31	JPM	25411.00000		-21383.00000		2.54330		23.56290	2.46330	1.33000	1.35000	0
29	2016-06-30	JPM	26846.00000		-1524		2.60620		24.92820	2.73910	1.35000	1.55000	0
28	2016-09-30	JPM	27140.00000		4192		2.58680		24.83550	2.75380	1.55000	1.58000	0
27	2016-12-31	JPM	26990.00000		40599		2.48640		26.68600	2.94890	1.58000	1.71000	0
26	2017-03-31	JPM	27917.00000		-22559.00000		2.53080		25.29210	2.80600	1.71000	1.65000	0
25	2017-06-30	JPM	29173.00000		4073		2.49590		26.73760	3.02430	1.65000	1.82000	0
24	2017-09-30	JPM	29467.00000		-4895		2.47880		25.95540	2.89780	1.82000	1.76000	0
23	2017-12-31	JPM	28022.00000		12554		2.41880		16.30740	1.84300	1.76000	1.08000	0
22	2018-03-31	JPM	32290.00000		-35109.00000		2.54780		30.80550	3.78560	1.08000	2.37000	0
21	2018-06-30	JPM	32834.00000		35685		2.57190		29.68770	3.59390	2.37000	2.29000	0
20	2018-09-30	JPM	32791.00000		13189		2.57770		30.20680	3.62470	2.29000	2.34000	0
19	2018-12-31	JPM	31909.00000		1849		2.64470		27.32060	3.06620	2.34000	2.00000	0
18	2019-03-31	JPM	36059.00000		-80880.00000		2.85480		31.68160	3.94210	2.00000	2.65000	0
17	2019-06-30	JPM	35952.00000		-13854		2.65210		33.30680	4.08600	2.65000	2.82000	0
16	2019-09-30	JPM	36184.00000		16015		2.76710		30.98250	3.84770	2.82000	2.68000	0
15	2019-12-31	JPM	34320.00000		82811		2.43130		29.82090	3.63580	2.68000	2.57000	0
14	2020-03-31	JPM	33008.00000		-120089.00000		2.94210		12.15440	1.23920	2.57000	0.78000	0
13	2020-06-30	JPM	35334.00000		82919		2.89590		18.87000	1.99950	0.78000	1.38000	0
12	2020-09-30	JPM	30942.00000		-14688		2.65610		31.47260	3.91740	1.38000	2.92000	0
11	2020-12-31	JPM	30627.00000		-28052		2.54980		37.46800	4.86820	2.92000	3.80000	0
10	2021-03-31	JPM	33648.00000		-43872.00000		2.95590		38.02920	5.73950	3.80000	4.50000	0
9	2021-06-30	JPM	31832.00000		13530		2.72770		35.08730	4.71230	4.50000	3.78000	0
8	2021-09-30	JPM	31047.00000		23331		2.70070		36.02040	4.57950	3.78000	3.74000	0
7	2021-12-31	JPM	30675.00000		85095		2.42630		32.49960	4.01060	3.74000	3.34000	0
6	2022-03-31	JPM	32341.00000		-41917.00000		2.71690		26.81680	3.27270	3.34000	2.63000	0
5	2022-06-30	JPM	34233.00000		66018		2.65480		27.67270	3.41450	2.63000	2.76000	0
4	2022-09-30	JPM	40809.00000		-18204		2.65660		29.68340	3.81570	2.76000	3.12000	0
3	2022-12-31	JPM	47409.00000		101222		2.46460		32.84980	4.15510	3.12000	3.58000	0
2	2023-03-31	JPM	54642.00000		-111241.00000		2.55370		33.80000	4.57850	3.58000	4.10000	0
1	2023-06-30	JPM	61172.00000		18865		2.72040		36.47940	5.07590	4.10000	4.75000	0
0	2023-09-30	JPM	61704.00000		45119		2.78690		32.95660	4.53530	4.75000	4.33000	0
58	2009-03-31	BAC	45417.00000		54797.00000		3.86680		12.57490	2.55420	0	0.44000	0
57	2009-06-30	BAC	40736.00000		19974		3.37230		12.46970	1.64080	0.44000	0.33000	0
56	2009-09-30	BAC	33135.00000		22906		3.25910		-15.63850	-0.50340	0.33000	-0.26000	0
55	2009-12-31	BAC	31162.00000		32054		3.58040		-34.71870	-0.09990	-0.26000	-0.80000	0
54	2010-03-31	BAC	38099.00000		23876.00000		4.13450		12.78650	1.50190	-0.80000	0.28000	0
53	2010-06-30	BAC	35372.00000		15475		4.11980		13.02260	1.45130	0.28000	0.27000	0
52	2010-09-30	BAC	32474.00000		38032		4.03610		-35.89470	-3.43660	0.27000	-0.77000	0
51	2010-12-31	BAC	28249.00000		5158		3.61770		-8.84240	-0.58770	-0.77000	-0.15000	0
50	2011-03-31	BAC	32620.00000		-576.00000		3.64590		7.47950	0.95610	-0.15000	0.17000	0
49	2011-06-30	BAC	19038.00000		51779		3.56380		-91.44370	-4.29250	0.17000	-0.90000	0
48	2011-09-30	BAC	33816.00000		-11358		3.25290		23.39300	2.95670	-0.90000	0.56000	0
47	2011-12-31	BAC	29600.00000		24603		2.96970		7.41550	0.94050	0.56000	0.18000	0
46	2012-03-31	BAC	26893.00000		-15603.00000		3.11000		1.64650	0.30560	0.18000	0.03000	0
45	2012-06-30	BAC	26412.00000		16873		2.98440		10.38870	1.13390	0.03000	0.19000	0
44	2012-09-30	BAC	24466.00000		8817		2.79920		-0.17690	0.15470	0.19000	0.00000	0
43	2012-12-31	BAC	22307.00000		-26143		2.84090		2.23630	0.33550	0.00000	0.03000	0
42	2013-03-31	BAC	26634.00000		26468.00000		2.78340		5.16660	0.67870	0.03000	0.10000	0
41	2013-06-30	BAC	26003.00000		46128		2.70070		16.59700	1.85060	0.10000	0.32000	0
40	2013-09-30	BAC	24646.00000		8227		2.60500		10.44550	1.14040	0.32000	0.20000	0
39	2013-12-31	BAC	24414.00000		11994		2.48080		15.04820	1.56790	0.20000	0.28000	0
38	2014-03-31	BAC	25416.00000		22723.00000		2.58050		-2.38440	-0.12630	0.28000	-0.05000	0
37	2014-06-30	BAC	24675.00000		4778		2.56570		9.53790	1.02940	-0.05000	0.19000	0
36	2014-09-30	BAC	23848.00000		2946		2.42240		-2.28450	-0.10510	0.19000	-0.04000	0
35	2014-12-31	BAC	22890.00000		348		2.25810		16.99500	1.66710	-0.04000	0.32000	0
34	2015-03-31	BAC	23426.00000		245.00000		2.19710		13.47460	1.35880	0.32000	0.25000	0
33	2015-06-30	BAC	24600.00000		-3332		2.26070		22.68610	2.23810	0.25000	0.43000	0
32	2015-09-30	BAC	23488.00000		25796		2.13090		20.69750	1.97700	0.43000	0.38000	0
31	2015-12-31	BAC	22000.00000		5688		1.97570		14.92370	1.30820	0.38000	0.25000	0
30	2016-03-31	BAC	23313.00000		10897.00000		2.00430		15.23270	1.45620	0.25000	0.28000	0
29	2016-06-30	BAC	23742.00000		15294		1.92840		21.77250	1.97770	0.28000	0.41000	0
28	2016-09-30	BAC	24044.00000		526		1.87800		21.41930	2.02360	0.41000	0.41000	0
27	2016-12-31	BAC	22563.00000		-9440		1.78100		22.12220	1.91390	0.41000	0.39000	0
26	2017-03-31	BAC	24900.00000		-12989.00000		1.97250		22.57970	2.19690	0.39000	0.45000	0
25	2017-06-30	BAC	25989.00000		9649		1.97340		21.46770	2.07760	0.45000	0.44000	0
24	2017-09-30	BAC	25335.00000		20304		1.97300		23.60870	2.16840	0.44000	0.46000	0
23	2017-12-31	BAC	23242.00000		-7100		1.93950		10.82310	0.96600	0.46000	0.21000	0
22	2018-03-31	BAC	26900.00000		40354.00000		2.06250		29.18690	2.86400	0.21000	0.62000	0
21	2018-06-30	BAC	27090.00000		-6518		2.01410		29.76710	2.81450	0.62000	0.63000	0
20	2018-09-30	BAC	27628.00000		19606		2.00150		30.44800	2.98830	0.63000	0.66000	0
19	2018-12-31	BAC	28009.00000		-13922		1.90250		32.33050	2.99510	0.66000	0.70000	0
18	2019-03-31	BAC	28799.00000		15101.00000		1.95050		31.23550	2.98790	0.70000	0.70000	0
17	2019-06-30	BAC	29119.00000		-6725		1.99830		31.98360	2.97830	0.70000	0.74000	0
16	2019-09-30	BAC	28536.00000		-5702		2.06710		23.93320	2.36010	0.74000	0.56000	0
15	2019-12-31	BAC	27135.00000		59103		1.93890		31.52090	2.89720	0.56000	0.75000	0
14	2020-03-31	BAC	26735.00000		19043.00000		2.01580		19.66570	1.66050	0.75000	0.40000	0
13	2020-06-30	BAC	24018.00000		-3006		2.03120		19.08300	1.45870	0.40000	0.37000	0
12	2020-09-30	BAC	21693.00000		-32638		2.04220		23.43380	1.98880	0.37000	0.51000	0
11	2020-12-31	BAC	21307.00000		54594		1.91960		25.98030	2.20200	0.51000	0.59000	0
10	2021-03-31	BAC	24019.00000		-52328.00000		2.09910		30.63090	3.22410	0.59000	0.86000	0
9	2021-06-30	BAC	22620.00000		-9311		2.23770		38.82710	3.63610	0.86000	1.03000	0
8	2021-09-30	BAC	24008.00000		9795		2.27020		31.03890	3.08850	1.03000	0.85000	0
7	2021-12-31	BAC	23204.00000		44651		2.21020		30.03680	2.85830	0.85000	0.83000	0
6	2022-03-31	BAC	24550.00000		-45430.00000		2.38280		28.45070	2.95100	0.83000	0.80000	0
5	2022-06-30	BAC	25219.00000		-5049		2.24880		26.76290	2.60310	0.80000	0.73000	0
4	2022-09-30	BAC	30358.00000		13154		2.19110		27.87240	2.94600	0.73000	0.81000	0
3	2022-12-31	BAC	34926.00000		30998		2.11920		29.45390	2.91340	0.81000	0.85000	0
2	2023-03-31	BAC	40465.00000		-11300.00000		2.66700		30.22860	3.24110	0.85000	0.94000	0
1	2023-06-30	BAC	43393.00000		11786		2.51850		29.50320	2.90600	0.94000	0.88000	0
0	2023-09-30	BAC	44412.00000		11772		2.55720		30.37650	3.01620	0.88000	0.90000	0
58	2009-02-28	ADBE	786.39000	207.91600	365.74300	4.50490	0.07590	90.16350	19.89280	3.39250	0	0.30000	0
57	2009-05-31	ADBE	704.67300	161.35300	261.529	5.03200	0.07290	89.78140	17.89070	2.62590	0.30000	0.24000	0
56	2009-08-31	ADBE	697.50700	167.60210	236.681	4.86820	0.07460	90.67440	19.50450	2.89790	0.24000	0.26000	0
55	2009-11-30	ADBE	757.28300	153.64190	253.841	2.92890	0.20450	89.12910	-4.23130	-0.65520	0.26000	-0.07000	0
54	2010-02-28	ADBE	858.70000	176.83300	259.86100	3.52720	0.28880	89.59260	14.80770	2.45880	-0.07000	0.24000	0
53	2010-05-31	ADBE	943.03500	227.28500	251.09	3.37770	0.28840	88.56530	15.75880	2.86960	0.24000	0.28000	0
52	2010-08-31	ADBE	990.31900	302.01300	291.423	3.34620	0.29980	89.99470	23.23140	4.52450	0.28000	0.44000	0
51	2010-11-30	ADBE	1007.94600	286.94270	310.621	3.01100	0.29320	89.36280	26.67310	5.17780	0.44000	0.51000	0
50	2011-02-28	ADBE	1027.70600	302.33400	332.10200	3.40000	0.28020	89.52630	22.82670	4.32390	0.51000	0.46000	0
49	2011-05-31	ADBE	1023.17900	276.72400	389.331	3.22680	0.28170	89.32730	22.42380	4.25720	0.46000	0.45000	0
48	2011-08-31	ADBE	1013.21200	274.11000	325.128	3.36080	0.27250	89.67110	19.25570	3.50650	0.45000	0.39000	0
47	2011-11-30	ADBE	1152.16100	246.13080	496.753	3.01530	0.26190	89.89910	15.07770	3.00390	0.39000	0.35000	0
46	2012-02-29	ADBE	1045.22000	288.97890	314.36300	3.14400	0.25260	89.64190	17.71960	3.09390	0.35000	0.37000	0
45	2012-05-31	ADBE	1124.44900	305.14290	448.218	3.02720	0.24760	88.35720	19.90980	3.67030	0.37000	0.45000	0
44	2012-08-31	ADBE	1080.58000	278.30400	263.34	3.42830	0.23470	88.92990	18.63420	3.12730	0.45000	0.40000	0
43	2012-11-30	ADBE	1153.42800	307.76480	473.659	3.45750	0.22630	89.16470	19.27590	3.33570	0.40000	0.44000	0
42	2013-02-28	ADBE	1007.87300	98.22400	322.03100	3.45880	0.22500	84.45400	6.46080	0.95690	0.44000	0.13000	0
41	2013-05-31	ADBE	1010.54900	111.30900	299.148	3.60330	0.22020	86.61310	7.57470	1.10500	0.13000	0.15000	0
40	2013-08-31	ADBE	995.11900	110.35400	215.525	2.92380	0.22240	85.22030	8.34090	1.21440	0.15000	0.16000	0
39	2013-11-30	ADBE	1041.69900	102.83590	314.982	2.65190	0.22510	85.83890	6.27050	0.97140	0.16000	0.12000	0
38	2014-02-28	ADBE	1000.12000	78.74600	251.67300	1.86640	0.22840	85.15090	4.70400	0.71160	0.12000	0.09000	0
37	2014-05-31	ADBE	1068.20800	135.25810	367.536	1.85500	0.22700	85.49870	8.28740	1.33390	0.09000	0.17000	0
36	2014-08-31	ADBE	1005.40900	74.17600	268.52	1.90600	0.22410	84.31250	4.44460	0.66390	0.17000	0.09000	0
35	2014-11-30	ADBE	1073.32800	124.50480	399.753	1.84500	0.22350	85.00520	8.21150	1.30070	0.09000	0.18000	0
34	2015-02-28	ADBE	1109.18100	173.02500	183.01500	2.22140	0.28860	84.96210	7.65320	1.28830	0.18000	0.17000	0
33	2015-05-31	ADBE	1162.15800	193.61700	471.484	2.15710	0.28810	84.06650	12.69130	2.23130	0.17000	0.29000	0
32	2015-08-31	ADBE	1217.76800	246.01890	360.488	2.19620	0.27860	84.31680	14.32660	2.55020	0.29000	0.34000	0
31	2015-11-30	ADBE	1306.40400	290.43430	454.515	2.17830	0.27240	84.58660	17.04720	3.18080	0.34000	0.44000	0
30	2016-02-29	ADBE	1383.33500	307.75810	497.52700	2.21140	0.27070	85.64540	18.38360	3.59130	0.44000	0.50000	0
29	2016-05-31	ADBE	1398.70900	344.23900	488.715	2.19590	0.26470	85.55250	17.45000	3.36720	0.50000	0.48000	0
28	2016-08-31	ADBE	1463.96700	369.32510	517.885	2.16260	0.26330	86.15400	18.49690	3.72070	0.48000	0.54000	0
27	2016-11-30	ADBE	1608.41900	472.27990	695.601	2.07700	0.25480	86.53610	24.84510	5.38210	0.54000	0.80000	0
26	2017-02-28	ADBE	1681.64600	468.99900	730.37000	1.94840	0.24830	85.88660	23.69380	5.25050	0.80000	0.80000	0
25	2017-05-31	ADBE	1772.19000	504.08190	644.827	1.98570	0.24200	86.49360	21.12580	4.79740	0.80000	0.75000	0
24	2017-08-31	ADBE	1841.07400	545.67400	704.436	2.04630	0.23120	85.71910	22.78940	5.13520	0.75000	0.84000	0
23	2017-11-30	ADBE	2006.59500	649.33980	833.22	2.05470	0.22240	86.50090	24.99500	5.92860	0.84000	0.99000	0
22	2018-02-28	ADBE	2078.94700	702.73300	989.60100	2.11530	0.21710	87.54650	28.04670	6.75320	0.99000	1.17000	0
21	2018-05-31	ADBE	2195.36000	698.48410	976.406	2.07600	0.21530	87.18460	30.20770	7.61770	1.17000	1.33000	0
20	2018-08-31	ADBE	2291.07600	718.60600	955.304	1.66160	0.21150	87.10250	29.08200	7.51860	1.33000	1.34000	0
19	2018-11-30	ADBE	2464.61600	720.17690	1107.689	1.12920	0.44060	85.42320	27.52830	7.24690	1.34000	1.36000	0
18	2019-02-28	ADBE	2601.00000	695.00000	1013.00000	0.96610	0.41830	84.73660	25.91310	6.82770	1.36000	1.36000	0
17	2019-05-31	ADBE	2744.00000	750.00000	1110	0.69500	0.41620	85.16760	23.06850	6.37350	1.36000	1.29000	0
16	2019-08-31	ADBE	2834.00000	854.00000	922	0.73690	0.40390	85.32110	27.98170	7.74200	1.29000	1.61000	0
15	2019-11-30	ADBE	2992.00000	969.00000	1377	0.79290	0.39300	84.85960	28.44250	8.08170	1.61000	1.74000	0
14	2020-02-29	ADBE	3091.00000	937.00000	1325.00000	1.23470	0.39300	85.37690	30.89620	9.12570	1.74000	1.96000	0
13	2020-05-31	ADBE	3128.00000	1016.00000	1184	1.28760	0.37810	86.73270	35.16620	10.10940	1.96000	2.27000	0
12	2020-08-31	ADBE	3225.00000	1069.00000	1436	1.44000	0.35140	86.75970	29.61240	8.15330	2.27000	1.97000	0
11	2020-11-30	ADBE	3424.00000	1215.00000	1782	1.47790	0.31040	87.50000	65.71260	16.96320	1.97000	4.63000	0
10	2021-02-28	ADBE	3905.00000	1454.00000	1772.00000	1.27180	0.30410	88.55310	32.29190	9.30900	4.63000	2.61000	0
9	2021-05-31	ADBE	3835.00000	1406.00000	1988	1.31460	0.29740	88.42240	29.10040	8.05660	2.61000	2.32000	0
8	2021-08-31	ADBE	3935.00000	1441.00000	1404	1.39220	0.28600	88.13220	30.80050	8.40850	2.32000	2.52000	0
7	2021-11-30	ADBE	4110.00000	1501.00000	2066	1.25060	0.27860	87.66420	30.00000	8.33280	2.52000	2.57000	0
6	2022-02-28	ADBE	4262.00000	1580.00000	1769.00000	1.03880	0.29950	87.98690	29.70440	9.19060	2.57000	2.66000	0
5	2022-05-31	ADBE	4386.00000	1529.00000	2040	1.07080	0.29500	87.71090	26.85820	8.42330	2.66000	2.49000	0
4	2022-08-31	ADBE	4433.00000	1484.00000	1704	1.14130	0.28710	87.68330	25.62600	7.90370	2.49000	2.42000	0
3	2022-11-30	ADBE	4525.00000	1505.00000	2325	1.10680	0.29390	87.44750	25.98900	8.36950	2.42000	2.53000	0
2	2023-02-28	ADBE	4655.00000	1586.00000	1693.00000	1.12170	0.25550	87.79810	26.78840	8.77800	2.53000	2.71000	0
1	2023-05-31	ADBE	4816.00000	1624.00000	2139	1.15650	0.24470	88.12290	26.88950	8.72760	2.71000	2.82000	0
0	2023-08-31	ADBE	4890.00000	1697.00000	1873	1.24910	0.23030	88.13910	28.69120	8.89330	2.82000	3.05000	0
58	2009-03-31	INTC	7145.00000	647.00000	378.00000	2.86110	0.03070	45.31840	8.80340	1.61020	0	0.11000	0
57	2009-06-30	INTC	8024.00000	-12.00000	3384	2.60870	0.03070	50.83500	-4.96010	-1.01930	0.11000	-0.07000	0
56	2009-09-30	INTC	9389.00000	2579.00000	4003	2.48380	0.05700	57.55670	19.76780	4.75500	-0.07000	0.33000	0
55	2009-12-31	INTC	10569.00000	2497.00000	3405	2.78710	0.05330	64.71760	21.59150	5.47190	0.33000	0.40000	0
54	2010-03-31	INTC	10299.00000	3448.00000	4079.00000	2.66200	0.05550	63.39450	23.71100	5.69230	0.40000	0.43000	0
53	2010-06-30	INTC	10765.00000	3981.00000	3486	3.33430	0.04960	67.20860	26.81840	6.29790	0.43000	0.51000	0
52	2010-09-30	INTC	11102.00000	4136.00000	3577	3.33810	0.04890	65.94310	26.61680	6.19550	0.51000	0.52000	0
51	2010-12-31	INTC	11457.00000	4023.00000	5550	3.38920	0.04280	64.64170	27.75600	6.43330	0.52000	0.55000	0
50	2011-03-31	INTC	12847.00000	4158.00000	4013.00000	1.97100	0.04510	61.37620	24.59720	6.67380	0.55000	0.56000	0
49	2011-06-30	INTC	13032.00000	3935.00000	3971	2.23120	0.04440	60.63540	22.66730	6.06280	0.56000	0.54000	0
48	2011-09-30	INTC	14233.00000	4785.00000	6349	2.24180	0.15490	63.35980	24.36590	7.52000	0.54000	0.65000	0
47	2011-12-31	INTC	13887.00000	4599.00000	6630	2.15100	0.15970	64.46320	24.19530	7.31850	0.65000	0.64000	0
46	2012-03-31	INTC	12906.00000	3810.00000	2972.00000	2.12890	0.15930	64.04000	21.21490	5.85540	0.64000	0.53000	0
45	2012-06-30	INTC	13501.00000	3832.00000	4739	2.44690	0.14730	63.35830	20.93920	5.79550	0.53000	0.54000	0
44	2012-09-30	INTC	13457.00000	3841.00000	5147	1.92540	0.14520	63.27560	22.08520	6.03220	0.54000	0.58000	0
43	2012-12-31	INTC	13477.00000	3155.00000	6026	2.43120	0.26260	58.00250	18.31270	4.82000	0.58000	0.48000	0
42	2013-03-31	INTC	12580.00000	2519.00000	4285.00000	2.43070	0.25840	56.16850	16.25600	3.99460	0.48000	0.40000	0
41	2013-06-30	INTC	12811.00000	2719.00000	4722	2.55050	0.24910	58.30930	15.61160	3.71470	0.40000	0.39000	0
40	2013-09-30	INTC	13483.00000	3504.00000	5731	2.25950	0.24360	62.40450	21.87940	5.31990	0.39000	0.58000	0
39	2013-12-31	INTC	13834.00000	3549.00000	6038	2.36470	0.23080	61.95610	18.97500	4.50600	0.58000	0.52000	0
38	2014-03-31	INTC	12764.00000	2510.00000	3501.00000	2.25460	0.22760	59.64430	15.12070	3.32540	0.52000	0.38000	0
37	2014-06-30	INTC	13831.00000	3844.00000	5453	2.36760	0.22270	64.47110	20.21550	4.71920	0.38000	0.55000	0
36	2014-09-30	INTC	14554.00000	4540.00000	5693	1.84570	0.23660	64.98560	22.79100	5.91550	0.55000	0.66000	0
35	2014-12-31	INTC	14721.00000	4453.00000	5771	1.73190	0.24440	65.35560	24.86920	6.55330	0.66000	0.72000	0
34	2015-03-31	INTC	12781.00000	2615.00000	4415.00000	1.76030	0.24090	60.48040	15.58560	3.62680	0.72000	0.41000	0
33	2015-06-30	INTC	13195.00000	2896.00000	3440	1.97430	0.22940	62.50850	20.50780	4.69020	0.41000	0.55000	0
32	2015-09-30	INTC	14465.00000	4192.00000	5735	2.40090	0.37110	62.98650	21.49330	5.44510	0.55000	0.64000	0
31	2015-12-31	INTC	14914.00000	4299.00000	5428	2.44920	0.37110	64.30200	24.22560	5.91470	0.64000	0.73000	0
30	2016-03-31	INTC	13702.00000	2568.00000	4055.00000	1.56320	0.41470	59.33440	14.93210	3.34460	0.73000	0.42000	0
29	2016-06-30	INTC	13533.00000	1318.00000	3845	1.66680	0.46630	58.91530	9.82780	2.16730	0.42000	0.27000	0
28	2016-09-30	INTC	15778.00000	4462.00000	5758	1.80240	0.43760	63.27160	21.40960	5.35210	0.27000	0.69000	0
27	2016-12-31	INTC	16374.00000	4785.00000	8150	1.74900	0.38180	61.97020	21.75400	5.37860	0.69000	0.74000	0
26	2017-03-31	INTC	14796.00000	3632.00000	3898.00000	1.69250	0.38520	61.90860	20.03240	4.43420	0.74000	0.61000	0
25	2017-06-30	INTC	14763.00000	3842.00000	4707	2.16250	0.46610	61.61350	19.02050	4.09180	0.61000	0.58000	0
24	2017-09-30	INTC	16149.00000	5141.00000	6264	1.60250	0.44600	62.31970	27.96460	6.36630	0.58000	0.94000	0
23	2017-12-31	INTC	17053.00000	5435.00000	7241	1.69340	0.38850	63.20300	-4.02860	-0.99540	0.94000	-0.14000	0
22	2018-03-31	INTC	16066.00000	4470.00000	6284.00000	1.58460	0.40780	60.56890	27.72310	6.34790	-0.14000	0.93000	0
21	2018-06-30	INTC	16962.00000	5273.00000	7413	1.57090	0.40180	61.42550	29.51300	7.14660	0.93000	1.05000	0
20	2018-09-30	INTC	19163.00000	7349.00000	8835	1.51170	0.38990	64.49930	33.38730	8.95040	1.05000	1.38000	0
19	2018-12-31	INTC	18657.00000	6224.00000	6900	1.73140	0.35350	60.17580	27.84480	6.96730	1.38000	1.12000	0
18	2019-03-31	INTC	16061.00000	4174.00000	4959.00000	1.53670	0.38670	56.59050	24.74320	5.39500	1.12000	0.87000	0
17	2019-06-30	INTC	16505.00000	4617.00000	7587	1.48380	0.38450	59.84850	25.31960	5.57590	0.87000	0.92000	0
16	2019-09-30	INTC	19190.00000	6447.00000	10711	1.19520	0.38940	58.85880	31.21420	8.06820	0.92000	1.35000	0
15	2019-12-31	INTC	20209.00000	6797.00000	9888	1.40020	0.37420	58.77580	34.16800	8.90920	1.35000	1.57000	0
14	2020-03-31	INTC	19828.00000	7038.00000	6158.00000	1.73680	0.52280	60.60120	28.55050	7.41420	1.57000	1.31000	0
13	2020-06-30	INTC	19728.00000	5697.00000	11157	1.97460	0.46760	53.25930	25.87690	6.22490	1.31000	1.19000	0
12	2020-09-30	INTC	18333.00000	5059.00000	8179	1.66360	0.49040	53.13370	23.32410	5.73540	1.19000	1.02000	0
11	2020-12-31	INTC	19978.00000	5884.00000	10370	1.90870	0.44920	56.80250	29.31730	7.22750	1.02000	1.42000	0
10	2021-03-31	INTC	19673.00000	3694.00000	5348.00000	1.89530	0.44960	55.17210	17.08430	4.21140	1.42000	0.82000	0
9	2021-06-30	INTC	19631.00000	5546.00000	8801	1.98790	0.41560	57.08320	25.78070	5.93970	0.82000	1.24000	0
8	2021-09-30	INTC	19192.00000	5227.00000	9904	2.07300	0.44740	55.99210	35.55130	7.57380	1.24000	1.67000	0
7	2021-12-31	INTC	20528.00000	4989.00000	5403	2.13230	0.39940	53.62920	22.52050	4.84640	1.67000	1.13000	0
6	2022-03-31	INTC	18353.00000	4341.00000	5891.00000	2.13380	0.36110	50.36780	44.20530	7.86630	1.13000	1.98000	0
5	2022-06-30	INTC	15321.00000	-700.00000	809	1.85860	0.35000	36.46630	-2.96330	-0.44850	1.98000	-0.11000	0
4	2022-09-30	INTC	15338.00000	-175.00000	1030	1.77120	0.39570	42.60660	6.64360	1.02020	-0.11000	0.25000	0
3	2022-12-31	INTC	14042.00000	-1132.00000	7703	1.56760	0.40710	39.16820	-4.72870	-0.64000	0.25000	-0.18000	0
2	2023-03-31	INTC	11715.00000	-1468.00000	-1785.00000	1.76370	0.50070	34.21260	-23.54250	-2.75690	-0.18000	-0.66000	0
1	2023-06-30	INTC	12949.00000	-1016.00000	2808	1.59510	0.46950	35.81740	11.43720	1.41000	-0.66000	0.35000	0
0	2023-09-30	INTC	14158.00000	-8.00000	5824	1.53110	0.46250	42.50600	2.09780	0.29330	0.35000	0.07000	0
57	2009-03-31	PXD	477.88400	64.69500	24.42100	0.90940	0.84720	76.89170	-3.07060	-0.27110	0	-0.13000	0
56	2009-06-30	PXD	273.04400	-49.03000	223.907	0.83110	0.84120	68.94530	-31.90590	-2.54860	-0.13000	-0.76000	0
55	2009-09-30	PXD	393.03500	52.07500	162.497	0.81680	0.81130	77.00100	-1.82300	-0.29070	-0.76000	-0.06000	0
54	2009-12-31	PXD	146.41790	-16.81310	132.234	1.07870	0.75790	58.83910	38.69330	-0.86790	-0.06000	0.49000	0
53	2010-03-31	PXD	506.99600	201.65400	299.36300	1.12520	0.68170	83.01760	47.32130	6.61220	0.49000	2.08000	0
52	2010-06-30	PXD	446.63900	114.62000	393.851	1.21330	0.62380	78.95120	36.60520	3.61840	2.08000	1.41000	0
51	2010-09-30	PXD	585.79600	239.91110	208.508	1.15640	0.61080	82.80680	18.66620	2.32070	1.41000	0.94000	0
50	2010-12-31	PXD	842.26400	494.81990	383.301	1.55640	0.61560	90.03460	9.32680	0.27970	0.94000	0.65000	0
49	2011-03-31	PXD	261.42500	-58.85300	143.21400	1.77560	0.56280	62.19370	130.99510	-1.67070	0.65000	2.96000	0
48	2011-06-30	PXD	805.18800	468.00300	421.24	1.41750	0.53380	87.36430	29.89740	5.57990	2.96000	2.03000	0
47	2011-09-30	PXD	983.54500	632.60600	465.584	1.42200	0.49790	88.54540	35.04330	7.41380	2.03000	2.95000	0
46	2011-12-31	PXD	463.08920	-193.50690	499.676	1.31120	0.44750	78.90840	-23.43830	-3.01050	2.95000	-1.06000	0
45	2012-03-31	PXD	784.46000	309.11100	426.08600	1.23150	0.44930	83.20110	27.04680	3.60490	-1.06000	1.68000	0
44	2012-06-30	PXD	917.97500	-14.53710	499.324	1.13730	0.57070	83.65090	-7.69710	-0.89550	1.68000	-0.57000	0
43	2012-09-30	PXD	615.43700	88.96700	432.06	1.59290	0.61410	70.80330	3.06560	-0.18270	-0.57000	0.15000	0
42	2012-12-31	PXD	691.12800	774.45900	479.53	1.01500	0.63420	72.44350	4.57500	6.74730	0.15000	0.24000	0
41	2013-03-31	PXD	767.00000	217.00000	360.00000	1.23100	0.41530	73.14210	13.16820	1.27990	0.24000	0.75000	0
40	2013-06-30	PXD	1159.00000	591.00000	577	1.44760	0.36920	82.05350	29.07680	4.44550	0.75000	2.40000	0
39	2013-09-30	PXD	807.00000	199.00000	668	1.26210	0.36730	70.87980	11.27630	1.01770	2.40000	0.65000	0
38	2013-12-31	PXD	925.00000	-1242.00000	541	1.38400	0.40110	70.27030	-147.78380	-13.19730	0.65000	-9.96000	0
37	2014-03-31	PXD	944.00000	259.00000	466.00000	1.24560	0.40240	68.11440	13.02970	2.15650	-9.96000	0.85000	0
36	2014-06-30	PXD	932.00000	158.00000	717	0.94200	0.39390	60.83690	0.10730	0.81480	0.85000	0.01000	0
35	2014-09-30	PXD	1513.00000	716.00000	615	1.03610	0.37220	76.07400	24.71910	5.74580	0.01000	2.58000	0
34	2014-12-31	PXD	1683.00000	766.00000	568	1.66240	0.30830	78.13430	25.66850	5.00640	2.58000	2.94000	0
33	2015-03-31	PXD	869.00000	-13.00000	104.00000	1.45780	0.31390	66.85850	-8.97580	-0.87070	2.94000	-0.52000	0
32	2015-06-30	PXD	644.00000	-233.00000	328	1.26330	0.32160	37.88820	-33.85090	-2.61190	-0.52000	-1.46000	0
31	2015-09-30	PXD	2237.00000	1131.00000	357	2.09500	0.29790	76.39700	28.87800	7.21520	-1.46000	4.27000	0
30	2015-12-31	PXD	811.00000	-792.00000	466	2.18470	0.43640	70.40690	-76.81870	-7.43880	4.27000	-4.12000	0
29	2016-03-31	PXD	685.00000	-261.00000	110.00000	2.28880	0.37750	41.75180	-38.97810	-2.75400	-4.12000	-1.65000	0
28	2016-06-30	PXD	786.00000	-283.00000	409	2.56640	0.35280	29.89820	-34.09670	-2.58040	-1.65000	-1.63000	0
27	2016-09-30	PXD	1186.00000	68.00000	440	2.50840	0.30780	49.49410	1.85500	0.21090	-1.63000	0.13000	0
26	2016-12-31	PXD	725.00000	30.00000	541	2.10600	0.30860	74.20690	-5.93100	-0.41300	0.13000	-0.19000	0
25	2017-03-31	PXD	1300.00000	38.00000	364.00000	3.08820	0.26370	63.38460	-3.23080	-0.40590	-0.19000	-0.25000	0
24	2017-06-30	PXD	1462.00000	453.00000	483	1.96660	0.25750	65.11630	15.93710	2.19770	-0.25000	1.36000	0
23	2017-09-30	PXD	1167.00000	66.00000	454	1.69150	0.25770	49.10030	-1.97090	-0.21700	1.36000	-0.13000	0
22	2017-12-31	PXD	1526.00000	168.00000	798	1.41310	0.24220	46.39580	43.57800	5.89590	-0.13000	3.87000	0
21	2018-03-31	PXD	2150.00000	325.00000	555.00000	1.25510	0.23970	41.06980	8.27910	1.56110	3.87000	1.04000	0
20	2018-06-30	PXD	2111.00000	194.00000	899	1.08710	0.19900	39.88630	3.12650	0.54860	1.04000	0.38000	0
19	2018-09-30	PXD	2476.00000	744.00000	874	1.19550	0.19220	53.99840	16.59940	3.45550	0.38000	2.39000	0
18	2018-12-31	PXD	2678.00000	977.00000	914	1.41910	0.18860	58.55120	12.06120	2.66700	2.39000	1.89000	0
17	2019-03-31	PXD	2413.00000	632.00000	604.00000	0.98930	0.18720	51.18110	14.50480	2.86670	1.89000	2.06000	0
16	2019-06-30	PXD	1923.00000	26.00000	789	0.86140	0.19250	31.30530	-8.78840	-1.42300	2.06000	-1.01000	0
15	2019-09-30	PXD	2325.00000	366.00000	894	0.78170	0.19300	41.84950	9.93550	1.94840	-1.01000	1.38000	0
14	2019-12-31	PXD	2664.00000	563.00000	828	0.87780	0.18860	43.88140	13.43840	2.97460	1.38000	2.16000	0
13	2020-03-31	PXD	2260.00000	482.00000	825.00000	0.99470	0.21610	46.72570	12.83190	2.38310	2.16000	1.75000	0
12	2020-06-30	PXD	839.00000	-433.00000	329	0.75440	0.18680	11.91900	-53.51610	-3.82450	1.75000	-2.73000	0
11	2020-09-30	PXD	1731.00000	34.00000	392	1.43360	0.28210	32.92890	-4.91050	-0.72940	-2.73000	-0.52000	0
10	2020-12-31	PXD	1855.00000	115.00000	524	1.36150	0.28520	34.71700	2.37200	0.37170	-0.52000	0.29000	0
9	2021-03-31	PXD	2444.00000	263.00000	377.00000	0.78690	0.34040	38.33880	-2.86420	-0.38580	0.29000	-0.33000	0
8	2021-06-30	PXD	3419.00000	590.00000	1466	0.55210	0.30590	43.17050	11.11440	1.67860	-0.33000	1.54000	0
7	2021-09-30	PXD	4463.00000	1413.00000	1982	0.62650	0.29880	53.28260	23.41470	4.50570	1.54000	4.07000	0
6	2021-12-31	PXD	4317.00000	1058.00000	2221	1.51560	0.30350	46.90760	17.67430	3.34110	4.07000	3.33000	0
5	2022-03-31	PXD	6172.00000	2679.00000	2581.00000	1.54070	0.24040	58.39270	32.55020	8.48830	3.33000	7.85000	0
4	2022-06-30	PXD	6920.00000	3070.00000	3218	1.33100	0.23930	58.67050	34.26300	9.96640	7.85000	9.30000	0
3	2022-09-30	PXD	6093.00000	2564.00000	2951	1.02710	0.22720	58.47690	32.56200	8.64530	9.30000	7.93000	0
2	2022-12-31	PXD	5109.00000	1954.00000	2598	0.95860	0.21760	56.95830	28.98810	6.57030	7.93000	6.05000	0
1	2023-03-31	PXD	4541.00000	1630.00000	2314.00000	0.88210	0.27050	57.27810	26.91040	5.59580	6.05000	5.00000	0
0	2023-06-30	PXD	4599.00000	1479.00000	1713	0.73210	0.24190	53.70730	23.96170	5.00910	5.00000	4.55000	0
15	2018-12-31	PLTR			-39.012						0	0.00000	0
14	2019-12-31	PLTR			-126.203						0.00000	0.00000	0
13	2020-03-31	PLTR	229.32700	-70.18500	-287.18400			71.96410	-23.66660		0.00000	-0.10000	0
12	2020-06-30	PLTR	251.88900	-99.14500	60.854			72.84120	-43.85070		-0.10000	-0.17000	0
11	2020-09-30	PLTR	289.36600	-847.77710	-51.99			48.39060	-294.89260		-0.17000	-0.94000	0
10	2020-12-31	PLTR	322.09100	-156.57200	-18.288	3.73860	0.13000	78.11090	-46.05620	-9.74310	-0.94000	-0.08000	0
9	2021-03-31	PLTR	341.23400	-114.01400	116.88100	3.87900	0.10970	78.28150	-36.18460	-6.83710	-0.08000	-0.07000	0
8	2021-06-30	PLTR	375.64200	-146.14800	22.75	3.90070		75.79450	-36.89150	-6.69800	-0.07000	-0.07000	0
7	2021-09-30	PLTR	392.14600	-91.94100	100.793	4.12540		77.86440	-26.04570	-4.54330	-0.07000	-0.05000	0
6	2021-12-31	PLTR	432.86710	-58.94290	93.427	4.33790		79.77140	-36.08220	-6.81740	-0.05000	-0.08000	0
5	2022-03-31	PLTR	446.35700	-39.43900	35.47700	4.37510		78.85030	-22.71250	-4.28710	-0.08000	-0.05000	0
4	2022-06-30	PLTR	473.01000	-41.74500	62.431	4.35970		78.38860	-37.91230	-7.63480	-0.05000	-0.09000	0
3	2022-09-30	PLTR	477.88000	-62.19100	47.066	4.28070		77.48160	-25.92180	-5.19040	-0.09000	-0.06000	0
2	2022-12-31	PLTR	508.62400	-17.82610	78.763	5.17330		79.49150	6.07090	1.26740	-0.06000	0.02000	0
1	2023-03-31	PLTR	525.18600	4.11500	187.37600	5.41420		79.50350	3.19920	0.68320	0.02000	0.01000	0
0	2023-06-30	PLTR	533.31700	10.07400	90.192	5.21880		79.95580	5.27400	0.91830	0.01000	0.01000	0
58	2009-03-31	RTX	12249.00000	1250.00000	485.00000	1.29450	0.64500	25.65110	5.89440	4.75990	0	0.78000	0
57	2009-06-30	RTX	13196.00000	1637.00000	1540	1.27270	0.58760	27.24310	7.39620	5.79160	0.78000	1.05000	0
56	2009-09-30	RTX	13375.00000	1771.00000	1853	1.30380	0.53100	26.45980	7.91030	5.82820	1.05000	1.14000	0
55	2009-12-31	RTX	13605.00000	1719.00000	1475	1.29480	0.46400	24.16760	7.88680	5.56690	1.14000	1.15000	0
54	2010-03-31	RTX	12040.00000	1523.00000	1154.00000	1.30270	0.57120	27.47510	7.19270	4.52590	1.15000	0.93000	0
53	2010-06-30	RTX	13802.00000	1882.00000	1400	1.30060	0.57690	27.43810	8.04230	5.79490	0.93000	1.20000	0
52	2010-09-30	RTX	13620.00000	1928.00000	1676	1.29140	0.55280	29.02350	8.79590	5.83740	1.20000	1.30000	0
51	2010-12-31	RTX	12813.00000	1565.00000	1490	1.32590	0.46070	25.54440	9.35770	4.76890	1.30000	1.31000	0
50	2011-03-31	RTX	12680.00000	1688.00000	1320.00000	1.32190	0.45350	27.72870	7.98110	4.55760	1.31000	1.11000	0
49	2011-06-30	RTX	14469.00000	2150.00000	1323	1.30750	0.48010	27.65220	9.10910	5.88480	1.11000	1.45000	0
48	2011-09-30	RTX	14235.00000	2151.00000	1907	1.31700	0.48180	27.37620	9.30100	5.86740	1.45000	1.47000	0
47	2011-12-31	RTX	14370.00000	1857.00000	1910	1.38360	0.44960	27.63400	9.22060	4.36460	1.47000	1.46000	0
46	2012-03-31	RTX	12416.00000	1713.00000	1323.00000	1.51920	0.41580	28.07670	2.65790	5.04900	1.46000	0.36000	0
45	2012-06-30	RTX	13807.00000	2179.00000	1703	1.97760	0.87340	28.05100	9.61830	6.17910	0.36000	1.47000	0
44	2012-09-30	RTX	15042.00000	2041.00000	1625	1.19780	1.10000	26.85150	9.40700	4.77940	1.47000	1.56000	0
43	2012-12-31	RTX	16443.00000	1751.00000	1954	1.24490	0.85780	25.28130	12.50990	3.49110	1.56000	2.27000	0
42	2013-03-31	RTX	14399.00000	2006.00000	1409.00000	1.29270	0.82810	27.32130	8.79230	4.60760	2.27000	1.39000	0
41	2013-06-30	RTX	16006.00000	2507.00000	1939	1.24290	0.76340	27.82710	9.74630	5.47080	1.39000	1.71000	0
40	2013-09-30	RTX	15462.00000	2366.00000	1543	1.24800	0.70820	28.72850	9.26140	4.72940	1.71000	1.57000	0
39	2013-12-31	RTX	10733.00000	1670.00000	2423	1.29130	0.60930	30.76490	13.63090	3.09460	1.57000	1.58000	0
38	2014-03-31	RTX	14745.00000	2098.00000	1335.00000	1.30040	0.59480	27.50090	8.22650	3.87590	1.58000	1.32000	0
37	2014-06-30	RTX	17191.00000	2355.00000	1742	1.21830	0.57030	24.78040	9.77260	5.08620	1.32000	1.84000	0
36	2014-09-30	RTX	14613.00000	2612.00000	1945	1.23020	0.56510	30.43870	12.68730	4.95920	1.84000	2.04000	0
35	2014-12-31	RTX	11351.00000	2528.00000	1957	1.34110	0.60500	37.34470	12.97680	3.73110	2.04000	1.62000	0
34	2015-03-31	RTX	13320.00000	2182.00000	1646.00000	1.16440	0.72900	28.63360	10.70570	4.52150	1.62000	1.58000	0
33	2015-06-30	RTX	14690.00000	2415.00000	1376	1.29250	0.70270	28.71340	10.49690	4.57450	1.58000	1.73000	0
32	2015-09-30	RTX	13788.00000	2302.00000	1022	1.36600	0.70720	28.92370	9.87820	4.45230	1.73000	1.54000	0
31	2015-12-31	RTX	14300.00000	392.00000	2711	1.18070	0.70810	25.50350	22.92310	-0.88750	1.54000	3.76000	0
30	2016-03-31	RTX	13357.00000	1945.00000	798.00000	1.34130	0.77090	27.72330	8.85680	3.91930	3.76000	1.42000	0
29	2016-06-30	RTX	14874.00000	2337.00000	1808	1.26090	0.73530	27.78670	9.27120	4.65280	1.42000	1.65000	0
28	2016-09-30	RTX	14354.00000	2251.00000	1961	1.26650	0.73670	27.95040	10.31070	4.69050	1.65000	1.78000	0
27	2016-12-31	RTX	14659.00000	1688.00000	1845	1.30330	0.81940	26.77540	6.91040	4.78250	1.78000	1.27000	0
26	2017-03-31	RTX	13815.00000	2144.00000	993.00000	1.23510	0.83980	26.63050	10.03260	5.01500	1.27000	1.73000	0
25	2017-06-30	RTX	15280.00000	2164.00000	2146	1.37250	0.88300	26.93720	9.41750	5.08040	1.73000	1.80000	0
24	2017-09-30	RTX	15062.00000	2032.00000	-29	1.30550	0.86020	26.26480	8.83020	4.52490	1.80000	1.67000	0
23	2017-12-31	RTX	15680.00000	1798.00000	2521	1.34710	0.87470	24.77680	2.53190	1.54670	1.67000	0.50000	0
22	2018-03-31	RTX	15242.00000	1928.00000	453.00000	1.32300	0.84170	25.99400	8.50940	4.21030	0.50000	1.62000	0
21	2018-06-30	RTX	16705.00000	2876.00000	2102	1.45830	0.84890	25.63900	12.25980	6.41460	1.62000	2.56000	0
20	2018-09-30	RTX	16510.00000	1838.00000	1762	1.51690	1.16620	24.07030	7.49850	3.93870	2.56000	1.54000	0
19	2018-12-31	RTX	-13756.00000	-3765.00000	-1647	1.13180	1.12130	36.22420	-4.98690	-8.49540	1.54000	0.78000	0
18	2019-03-31	RTX	18365.00000	2045.00000	1500.00000	1.12730	1.07720	25.36350	7.32920	3.39720	0.78000	1.56000	0
17	2019-06-30	RTX	11329.00000	1386.00000	1269	1.04620	1.05290	24.49470	16.77110	2.85730	1.56000	2.20000	0
16	2019-09-30	RTX	11373.00000	1430.00000	1727	1.06320	1.04170	25.18250	10.09410	2.36110	2.20000	1.33000	0
15	2019-12-31	RTX	4282.00000	53.00000	1325	1.32160	0.97790	10.60250	26.69310	0.15150	1.33000	1.32000	0
14	2020-03-31	RTX	11360.00000	1295.00000	1132.00000	1.23400	1.10450	24.54230	-0.73060	1.17320	1.32000	-0.10000	0
13	2020-06-30	RTX	14061.00000	-3760.00000	210	1.19790	0.47540	13.13560	-27.27400	-5.54490	-0.10000	-2.55000	0
12	2020-09-30	RTX	14747.00000	434.00000	1622	1.22350	0.46780	11.81940	1.79020	0.26400	-2.55000	0.17000	0
11	2020-12-31	RTX	16419.00000	142.00000	1370	1.21000	0.43090	13.11290	0.82220	0.29110	0.17000	-0.11000	0
10	2021-03-31	RTX	15251.00000	1013.00000	723.00000	1.17030	0.43020	17.79560	4.93740	1.10900	-0.11000	0.50000	0
9	2021-06-30	RTX	15880.00000	1282.00000	1326	1.17490	0.43290	20.30860	6.49870	1.49610	0.50000	0.68000	0
8	2021-09-30	RTX	16213.00000	1343.00000	1932	1.23030	0.42840	19.26850	8.59190	2.01960	0.68000	0.93000	0
7	2021-12-31	RTX	17044.00000	1320.00000	3161	1.18620	0.42170	20.11270	4.02490	1.03260	0.93000	0.45000	0
6	2022-03-31	RTX	15716.00000	1080.00000	476.00000	1.16210	0.42540	20.08150	6.89740	1.52190	0.45000	0.72000	0
5	2022-06-30	RTX	16314.00000	1353.00000	1286	1.09720	0.43640	21.19650	7.99310	1.85860	0.72000	0.88000	0
4	2022-09-30	RTX	16951.00000	1520.00000	778	1.08990	0.46630	20.57110	8.18240	1.94470	0.88000	0.94000	0
3	2022-12-31	RTX	18093.00000	1461.00000	4628	1.08510	0.43020	19.71480	7.85940	1.97900	0.94000	0.96000	0
2	2023-03-31	RTX	17214.00000	1652.00000	-863.00000	1.13400	0.46390	20.73310	8.28400	1.99200	0.96000	0.97000	0
1	2023-06-30	RTX	18315.00000	1458.00000	719	1.09950	0.47740	20.73160	7.24540	1.83510	0.97000	0.90000	0
0	2023-09-30	RTX	13464.00000	-1396.00000	3316	1.03370	0.49510	5.30300	-7.30840	-1.31020	0.90000	-0.68000	0
58	2009-03-31	BA	16502.00000	1072.00000	193.00000	0.92790	-18.21610	16.99190	3.69650	-120.82510	0	0.86000	0
57	2009-06-30	BA	17154.00000	1572.00000	1001	0.96320	27.29340	19.76220	5.81790	298.50300	0.86000	1.41000	0
56	2009-09-30	BA	16688.00000	-2109.00000	1197	0.94310	-12.58610	13.48270	-9.37200	177.87910	1.41000	-2.23000	0
55	2009-12-31	BA	17937.00000	1736.00000	3212	1.07270	5.80850	19.35660	7.06920	57.66290	-2.23000	1.80000	0
54	2010-03-31	BA	15216.00000	1215.00000	-285.00000	1.09900	4.25900	20.45870	3.41090	17.07800	1.80000	0.70000	0
53	2010-06-30	BA	15573.00000	1348.00000	266	1.12440	4.08010	19.73930	5.05360	24.86610	0.70000	1.06000	0
52	2010-09-30	BA	16967.00000	1429.00000	1855	1.15230	2.72830	19.23150	4.93310	18.38750	1.06000	1.12000	0
51	2010-12-31	BA	16550.00000	1139.00000	1116	1.14630	4.34000	19.17220	6.97890	40.74070	1.12000	1.57000	0
50	2011-03-31	BA	14910.00000	1033.00000	-953.00000	1.16310	2.91710	19.40980	3.93020	14.67430	1.57000	0.78000	0
49	2011-06-30	BA	16543.00000	1563.00000	1596	1.18690	2.41040	20.38320	5.68820	19.52740	0.78000	1.25000	0
48	2011-09-30	BA	17727.00000	1746.00000	449	1.23290	2.04260	19.19110	6.19390	18.04980	1.25000	1.46000	0
47	2011-12-31	BA	19555.00000	1630.00000	2931	1.20680	3.42880	17.01870	7.07750	38.44240	1.46000	1.85000	0
46	2012-03-31	BA	19383.00000	1598.00000	837.00000	1.21370	2.27030	17.24190	4.74640	18.04690	1.85000	1.22000	0
45	2012-06-30	BA	20005.00000	1567.00000	908	1.21570	1.90110	16.41590	4.82880	16.41210	1.22000	1.27000	0
44	2012-09-30	BA	20008.00000	1586.00000	1596	1.25500	1.45610	16.17350	5.14290	13.46000	1.27000	1.35000	0
43	2012-12-31	BA	22302.00000	1648.00000	4167	1.27400	1.74440	14.70720	4.41660	16.39020	1.35000	1.27000	0
42	2013-03-31	BA	18893.00000	1547.00000	524.00000	1.30270	1.21310	16.70460	5.83810	14.62960	1.27000	1.44000	0
41	2013-06-30	BA	21815.00000	1734.00000	3467	1.30590	1.25500	15.50770	4.98280	14.24270	1.44000	1.41000	0
40	2013-09-30	BA	22130.00000	1821.00000	2808	1.29150	1.05830	15.69820	5.22370	12.79370	1.41000	1.51000	0
39	2013-12-31	BA	23785.00000	1535.00000	1380	1.26390	0.64250	14.36620	5.17970	8.22160	1.51000	1.60000	0
38	2014-03-31	BA	20465.00000	1560.00000	1112.00000	1.23380	0.61060	15.57290	4.70560	6.59470	1.60000	1.28000	0
37	2014-06-30	BA	22045.00000	1804.00000	1809	1.22850	0.62630	15.38670	7.49380	11.65400	1.28000	2.24000	0
36	2014-09-30	BA	23784.00000	2137.00000	939	1.22580	0.60670	15.67020	5.71810	9.30520	2.24000	1.86000	0
35	2014-12-31	BA	24468.00000	2041.00000	4998	1.40500	1.03190	15.42010	5.98740	16.67800	1.86000	2.00000	0
34	2015-03-31	BA	22149.00000	2035.00000	88.00000	1.20210	1.12550	16.56510	6.02280	16.63760	2.00000	1.87000	0
33	2015-06-30	BA	24543.00000	1700.00000	3297	1.16920	1.42950	13.07910	4.52270	17.59950	1.87000	1.59000	0
32	2015-09-30	BA	25849.00000	2596.00000	2859	1.16900	1.32860	16.49970	6.58050	25.11050	1.59000	2.47000	0
31	2015-12-31	BA	23573.00000	1176.00000	3119	1.35350	1.55760	12.49740	4.35670	16.03880	2.47000	1.51000	0
30	2016-03-31	BA	22632.00000	1804.00000	1275.00000	1.32450	2.42670	15.69020	5.37730	29.68830	1.51000	1.83000	0
29	2016-06-30	BA	24755.00000	-403.00000	3190	1.27370	17.02470	9.88080	-0.94530	-36.16690	1.83000	-0.37000	0
28	2016-09-30	BA	23898.00000	2296.00000	3202	1.28350	4.86330	16.77130	9.52380	106.00000	-0.37000	3.60000	0
27	2016-12-31	BA	22211.00000	2889.00000	2829	1.24640	11.34780	20.36830	7.97800	201.82440	3.60000	2.77000	0
26	2017-03-31	BA	21961.00000	2219.00000	2098.00000	1.25280	69.67100	17.76330	7.18090	1018.71000	2.77000	2.54000	0
25	2017-06-30	BA	23051.00000	2543.00000	4949	1.18750	-5.44740	18.92330	7.58750	-88.42270	2.54000	2.87000	0
24	2017-09-30	BA	24223.00000	2657.00000	3396	1.17890	9.40440	17.72700	7.46400	158.07860	2.87000	2.99000	0
23	2017-12-31	BA	24770.00000	2995.00000	2903	1.14130	6.48980	19.80620	13.39520	193.81200	2.99000	5.45000	0
22	2018-03-31	BA	23382.00000	2891.00000	3136.00000	1.14580	9.59320	19.56210	10.58080	190.83210	5.45000	4.15000	0
21	2018-06-30	BA	24258.00000	2727.00000	4680	1.11160	-8.81950	19.53580	9.05270	-159.82530	4.15000	3.73000	0
20	2018-09-30	BA	25146.00000	2245.00000	4559	1.10410	-9.82300	16.40020	9.38920	-195.45080	3.73000	4.07000	0
19	2018-12-31	BA	28341.00000	4193.00000	2947	1.07650	33.77320	22.11990	12.07440	835.12190	4.07000	5.90000	0
18	2019-03-31	BA	22917.00000	2368.00000	2788.00000	1.07050	63.55170	18.71970	9.36860	926.29310	5.90000	3.75000	0
17	2019-06-30	BA	15751.00000	-3364.00000	-590	1.03170	-3.88750	-12.97060	-18.67820	59.51850	3.75000	-5.21000	0
16	2019-09-30	BA	19980.00000	1274.00000	-2424	1.10680	-6.47200	15.34030	5.83580	-30.63800	-5.21000	2.05000	0
15	2019-12-31	BA	17911.00000	-2191.00000	-2220	1.05050	-3.28940	-4.37720	-5.62220	12.16870	2.05000	-1.71000	0
14	2020-03-31	BA	16908.00000	-1341.00000	-4302.00000	1.17470	-4.15890	0.89900	-3.71420	6.84830	-1.71000	-1.11000	0
13	2020-06-30	BA	11807.00000	-2953.00000	-5280	1.40870	-5.39260	-9.82470	-20.12370	21.04200	-1.11000	-4.20000	0
12	2020-09-30	BA	14139.00000	-391.00000	-4819	1.41930	-5.27650	7.38380	-3.17560	4.03360	-4.20000	-0.79000	0
11	2020-12-31	BA	15304.00000	-8039.00000	-4009	1.39370	-3.51770	-37.10140	-55.01830	46.68880	-0.79000	-14.78000	0
10	2021-03-31	BA	15217.00000	-74.00000	-3387.00000	1.33430	-3.56340	9.31850	-3.52890	3.14440	-14.78000	-0.92000	0
9	2021-06-30	BA	16998.00000	1032.00000	-483	1.34990	-3.85560	14.23110	3.45330	-3.43950	-0.92000	1.00000	0
8	2021-09-30	BA	15278.00000	336.00000	-262	1.36280	-4.37540	11.25150	-0.71340	0.92530	1.00000	-0.19000	0
7	2021-12-31	BA	14793.00000	-4164.00000	716	1.32530	-3.91360	-16.94720	-28.00650	28.04800	-0.19000	-7.04000	0
6	2022-03-31	BA	13991.00000	-1162.00000	-3216.00000	1.29770	-3.78180	2.52310	-8.71270	8.13470	-7.04000	-2.06000	0
5	2022-06-30	BA	16681.00000	780.00000	81	1.25000	-3.86720	12.75700	1.15700	-1.08170	-2.06000	0.32000	0
4	2022-09-30	BA	15956.00000	-2792.00000	3190	1.21910	-3.24460	-5.10780	-20.52520	18.75820	0.32000	-5.49000	0
3	2022-12-31	BA	19980.00000	-345.00000	3457	1.21620	-3.59670	9.32930	-3.17320	4.18350	-5.49000	-1.07000	0
2	2023-03-31	BA	17921.00000	-149.00000	-318.00000	1.16360	-3.57730	10.73040	-2.31010	2.74480	-1.07000	-0.69000	0
1	2023-06-30	BA	19751.00000	-99.00000	2875	1.16660	-3.37370	9.81720	-0.75440	0.96170	-0.69000	-0.25000	0
0	2023-09-30	BA	18104.00000	-808.00000	22	1.14910	-3.12690	6.43500	-9.03670	9.79840	-0.25000	-2.70000	0
58	2009-03-31	PEP	8263.00000	1588.00000	-266.00000	1.35890	0.78620	54.68960	13.72380	9.37010	0	0.72000	0
57	2009-06-30	PEP	10592.00000	2190.00000	1758	1.34930	0.59820	53.91810	15.65330	11.49630	0.72000	1.06000	0
56	2009-09-30	PEP	11080.00000	2232.00000	2911	1.33580	0.50190	53.24010	15.48740	10.87750	1.06000	1.09000	0
55	2009-12-31	PEP	13297.00000	2034.00000	2393	1.43570	0.45090	52.67350	10.76940	8.18990	1.09000	0.90000	0
54	2010-03-31	PEP	9368.00000	840.00000	241.00000	1.30990	1.00010	52.35910	15.25410	6.52980	0.90000	0.89000	0
53	2010-06-30	PEP	14801.00000	2461.00000	2201	1.14900	1.20910	54.42880	10.81680	8.05690	0.89000	0.98000	0
52	2010-09-30	PEP	15514.00000	2800.00000	3346	1.04580	1.19590	54.82790	12.38880	9.48730	0.98000	1.19000	0
51	2010-12-31	PEP	18155.00000	2231.00000	2660	1.10550	1.15930	53.95760	7.50210	6.30530	1.19000	0.85000	0
50	2011-03-31	PEP	11937.00000	1726.00000	380.00000	0.98050	1.14890	54.36880	9.55850	4.80980	0.85000	0.71000	0
49	2011-06-30	PEP	16827.00000	2754.00000	1973	0.99220	1.12110	52.67720	11.19040	7.78090	0.71000	1.17000	0
48	2011-09-30	PEP	17582.00000	2906.00000	3481	1.01530	1.11870	51.92810	11.36960	8.33850	1.17000	1.25000	0
47	2011-12-31	PEP	20158.00000	2247.00000	3110	0.96070	1.28110	51.72640	7.00960	6.67140	1.25000	0.90000	0
46	2012-03-31	PEP	12428.00000	1722.00000	-690.00000	1.03490	1.20720	52.61510	9.06020	4.91090	0.90000	0.71000	0
45	2012-06-30	PEP	16458.00000	2377.00000	1937	0.98710	1.37570	51.90790	9.02300	7.24630	0.71000	0.94000	0
44	2012-09-30	PEP	16652.00000	2800.00000	3871	1.18800	1.29460	52.96060	11.41610	8.81360	0.94000	1.21000	0
43	2012-12-31	PEP	19954.00000	2213.00000	3361	1.09540	1.26610	51.61870	8.31410	7.40170	1.21000	1.06000	0
42	2013-03-31	PEP	12581.00000	1658.00000	702.00000	1.10650	1.30880	53.62850	8.52870	4.80320	1.06000	0.69000	0
41	2013-06-30	PEP	16807.00000	2869.00000	2313	1.14620	1.29630	53.00770	11.94150	8.84590	0.69000	1.28000	0
40	2013-09-30	PEP	16909.00000	2780.00000	3647	1.24170	1.31900	53.00730	11.31350	8.53530	1.28000	1.23000	0
39	2013-12-31	PEP	20118.00000	2398.00000	3026	1.24460	1.21530	52.45550	8.68380	7.15360	1.23000	1.12000	0
38	2014-03-31	PEP	12623.00000	1807.00000	181.00000	1.19670	1.40100	54.47200	9.62530	5.32900	1.12000	0.79000	0
37	2014-06-30	PEP	16894.00000	2896.00000	2491	1.27520	1.39190	53.96000	11.69650	8.37230	0.79000	1.29000	0
36	2014-09-30	PEP	17218.00000	2847.00000	4021	1.16400	1.41210	53.56600	11.66220	8.65200	1.29000	1.32000	0
35	2014-12-31	PEP	19948.00000	2031.00000	3813	1.14210	1.64670	51.28330	6.53700	7.49660	1.32000	0.87000	0
34	2015-03-31	PEP	12217.00000	1797.00000	270.00000	1.03950	1.89910	54.95620	9.99430	7.63170	0.87000	0.81000	0
33	2015-06-30	PEP	15923.00000	2900.00000	2491	1.07070	1.91070	54.46210	12.43480	12.00770	0.81000	1.33000	0
32	2015-09-30	PEP	16331.00000	1416.00000	4014	1.19630	2.34500	54.13630	3.26370	3.95710	1.33000	0.36000	0
31	2015-12-31	PEP	18585.00000	2240.00000	4089	1.31020	2.76680	54.33410	9.24400	14.23410	0.36000	1.17000	0
30	2016-03-31	PEP	11862.00000	1619.00000	305.00000	1.42300	3.12400	56.57560	7.84860	8.30620	1.17000	0.64000	0
29	2016-06-30	PEP	15395.00000	2964.00000	2802	1.40190	2.87820	55.63490	13.02370	16.07440	0.64000	1.38000	0
28	2016-09-30	PEP	16027.00000	2821.00000	3717	1.31620	2.79970	54.55170	12.42900	15.57590	1.38000	1.37000	0
27	2016-12-31	PEP	19515.00000	2400.00000	3839	1.25150	3.29900	54.10200	7.17910	12.48460	1.37000	0.97000	0
26	2017-03-31	PEP	12049.00000	1863.00000	-193.00000	1.25440	3.30890	56.09590	10.93870	11.22850	0.97000	0.91000	0
25	2017-06-30	PEP	15710.00000	2919.00000	2444	1.32270	3.15120	55.06680	13.39910	16.69950	0.91000	1.46000	0
24	2017-09-30	PEP	16240.00000	2924.00000	3836	1.35060	2.92070	54.63050	13.20200	15.89270	1.46000	1.49000	0
23	2017-12-31	PEP	19526.00000	2570.00000	3943	1.51340	3.57720	53.50300	-3.63620	-6.24050	1.49000	-0.48000	0
22	2018-03-31	PEP	12562.00000	1807.00000	-1309.00000	1.27670	3.96280	54.98330	10.69100	12.31680	-0.48000	0.94000	0
21	2018-06-30	PEP	16090.00000	3028.00000	2396	1.23670	3.97150	54.86020	11.31140	17.90430	0.94000	1.28000	0
20	2018-09-30	PEP	16485.00000	2844.00000	3645	1.31150	3.38020	54.34030	15.15320	24.15060	1.28000	1.75000	0
19	2018-12-31	PEP	19524.00000	2431.00000	4683	0.98890	2.21350	54.23070	35.09530	47.02780	1.75000	4.81000	0
18	2019-03-31	PEP	12884.00000	2008.00000	-345.00000	0.93860	2.22080	55.85220	10.96710	9.94680	4.81000	1.00000	0
17	2019-06-30	PEP	16449.00000	2729.00000	1733	0.86370	2.22160	54.98810	12.37160	14.55440	1.00000	1.44000	0
16	2019-09-30	PEP	17188.00000	2855.00000	3675	0.95370	2.28870	55.23620	12.21780	14.83410	1.44000	1.49000	0
15	2019-12-31	PEP	20640.00000	2699.00000	4586	0.86240	2.15680	54.71900	8.55620	11.95860	1.49000	1.27000	0
14	2020-03-31	PEP	13881.00000	1924.00000	-749.00000	1.09920	3.04170	55.86050	9.63910	9.96390	1.27000	0.96000	0
13	2020-06-30	PEP	15945.00000	2319.00000	2211	0.97320	3.57340	55.54720	10.32300	13.17230	0.96000	1.18000	0
12	2020-09-30	PEP	18091.00000	3011.00000	4661	0.92510	3.27850	54.91680	12.66380	16.96950	1.18000	1.65000	0
11	2020-12-31	PEP	22455.00000	2826.00000	4490	0.98410	3.25780	53.56940	8.21640	13.71750	1.65000	1.33000	0
10	2021-03-31	PEP	14820.00000	2312.00000	-719.00000	0.93400	3.10720	54.98650	11.56550	12.26070	1.33000	1.24000	0
9	2021-06-30	PEP	19217.00000	3129.00000	3059	0.91420	2.74700	53.79090	12.27040	15.40460	1.24000	1.70000	0
8	2021-09-30	PEP	20189.00000	3159.00000	4294	0.94550	2.58020	53.46970	11.01590	14.02750	1.70000	1.60000	0
7	2021-12-31	PEP	25248.00000	2562.00000	4982	0.83080	2.49730	51.95660	5.23610	8.30290	1.60000	0.95000	0
6	2022-03-31	PEP	16200.00000	5267.00000	-174.00000	0.86520	2.18610	54.11730	26.30250	23.32420	0.95000	3.06000	0
5	2022-06-30	PEP	20225.00000	2077.00000	2055	0.83140	2.10340	53.44870	7.06550	7.74340	3.06000	1.03000	0
4	2022-09-30	PEP	21971.00000	3353.00000	4425	0.91770	2.05100	53.08360	12.29800	14.23570	1.03000	1.95000	0
3	2022-12-31	PEP	27996.00000	815.00000	4505	0.80410	2.26200	52.06460	1.85030	3.09730	1.95000	0.38000	0
2	2023-03-31	PEP	17846.00000	2629.00000	-392.00000	0.86800	2.43180	55.23930	10.82600	11.31880	0.38000	1.40000	0
1	2023-06-30	PEP	22322.00000	3659.00000	2411	0.84250	2.44720	54.65910	12.31070	15.54560	1.40000	1.99000	0
0	2023-09-30	PEP	23453.00000	4015.00000	5611	0.87720	2.36030	54.48340	13.18380	16.42590	1.99000	2.24000	0
58	2009-02-28	ORCL	5453.00000	1940.00000	6247	1.95820	0.48700	79.62590	24.37190	5.75900	0	0.26000	0
57	2009-05-31	ORCL	6861.00000	2885.00000	2008	2.03090	0.40240	82.81590	27.56160	7.43170	0.26000	0.37000	0
56	2009-08-31	ORCL	5054.00000	1740.00000	3738.00000	2.66870	0.55590	80.05540	22.23980	4.24360	0.37000	0.22000	0
55	2009-11-30	ORCL	5858.00000	2178.00000	651	2.95700	0.52850	81.29050	24.88900	5.22300	0.22000	0.29000	0
54	2010-02-28	ORCL	6404.00000	1843.00000	1781	1.68260	0.54480	77.84200	18.56650	4.12120	0.29000	0.23000	0
53	2010-05-31	ORCL	9504.00000	3301.00000	2511	1.83810	0.46970	76.42050	24.87370	7.57720	0.23000	0.47000	0
52	2010-08-31	ORCL	7502.00000	1917.00000	3817.00000	2.19300	0.52410	72.51400	18.02190	4.15850	0.47000	0.27000	0
51	2010-11-30	ORCL	8582.00000	2770.00000	944	2.45370	0.48880	74.86600	21.78980	5.36590	0.27000	0.37000	0
50	2011-02-28	ORCL	8764.00000	2987.00000	2676	2.87710	0.39810	77.04250	24.14420	5.70980	0.37000	0.41000	0
49	2011-05-31	ORCL	10774.00000	4359.00000	3777	2.76030	0.39560	79.88680	29.78470	7.97370	0.41000	0.62000	0
48	2011-08-31	ORCL	8374.00000	2683.00000	5421.00000	3.00290	0.35860	76.25990	21.97280	4.46180	0.62000	0.36000	0
47	2011-11-30	ORCL	8792.00000	3111.00000	1255	3.47560	0.34960	77.75250	24.93180	5.18610	0.36000	0.43000	0
46	2012-02-29	ORCL	9039.00000	3317.00000	3010	3.22710	0.34150	78.89150	27.63580	5.77360	0.43000	0.49000	0
45	2012-05-31	ORCL	10916.00000	4595.00000	4057	2.60090	0.37370	80.36830	31.61420	7.82770	0.49000	0.68000	0
44	2012-08-31	ORCL	8181.00000	2879.00000	5671.00000	2.73540	0.33770	78.30340	24.86250	4.65060	0.68000	0.41000	0
43	2012-11-30	ORCL	9094.00000	3471.00000	795	3.33110	0.45510	80.27270	28.38140	5.94560	0.41000	0.53000	0
42	2013-02-28	ORCL	8958.00000	3334.00000	3194	3.41440	0.45110	80.84390	27.95270	5.71820	0.53000	0.52000	0
41	2013-05-31	ORCL	10947.00000	5000.00000	4564	3.23900	0.40970	80.87150	34.76750	8.43060	0.52000	0.80000	0
40	2013-08-31	ORCL	8372.00000	2873.00000	6292.00000	3.12940	0.54810	79.44340	26.17060	4.98110	0.80000	0.47000	0
39	2013-11-30	ORCL	9275.00000	3410.00000	1146	3.37540	0.54840	80.51750	27.52560	5.79360	0.47000	0.56000	0
38	2014-02-28	ORCL	9307.00000	3567.00000	3027	3.39170	0.53480	80.92830	27.55990	5.67040	0.56000	0.56000	0
37	2014-05-31	ORCL	11321.00000	4909.00000	4456	3.34480	0.50790	82.92550	32.20560	7.68440	0.56000	0.79000	0
36	2014-08-31	ORCL	8596.00000	2963.00000	6728.00000	4.35030	0.67950	80.44440	25.40720	4.55660	0.79000	0.48000	0
35	2014-11-30	ORCL	9598.00000	3542.00000	1062	4.34210	0.67670	80.21460	26.06790	5.21660	0.48000	0.56000	0
34	2015-02-28	ORCL	9327.00000	3383.00000	2263	3.71910	0.66470	79.62900	26.75030	5.14090	0.56000	0.56000	0
33	2015-05-31	ORCL	10705.00000	3983.00000	4527	4.11150	0.85460	80.83140	25.75430	5.61530	0.56000	0.61000	0
32	2015-08-31	ORCL	8448.00000	2654.00000	5881.00000	4.03630	0.88460	78.10130	20.67950	3.67500	0.61000	0.40000	0
31	2015-11-30	ORCL	8993.00000	2955.00000	516	4.26190	0.90520	79.39510	24.43010	4.74190	0.40000	0.51000	0
30	2016-02-29	ORCL	9012.00000	3027.00000	3495	4.82610	0.86550	79.59390	23.76830	4.62280	0.51000	0.50000	0
29	2016-05-31	ORCL	10594.00000	3968.00000	3793	3.73740	0.91770	81.71610	26.57160	5.89040	0.50000	0.66000	0
28	2016-08-31	ORCL	8595.00000	2641.00000	5875.00000	4.91690	1.13010	79.33680	21.31470	3.83010	0.66000	0.43000	0
27	2016-11-30	ORCL	9035.00000	3037.00000	1086	3.96000	1.11220	80.11070	22.49030	4.16010	0.43000	0.48000	0
26	2017-02-28	ORCL	9205.00000	2959.00000	2699	4.18060	1.05770	79.44600	24.32370	4.38820	0.48000	0.53000	0
25	2017-05-31	ORCL	10957.00000	4276.00000	4466	3.08190	1.06750	81.86550	30.56490	6.17370	0.53000	0.80000	0
24	2017-08-31	ORCL	9104.00000	2749.00000	6566.00000	3.62580	0.94540	78.82250	23.55010	3.80370	0.80000	0.50000	0
23	2017-11-30	ORCL	9589.00000	3039.00000	850	5.06940	1.07760	79.55990	23.08900	3.93250	0.50000	0.52000	0
22	2018-02-28	ORCL	9676.00000	3315.00000	3310	4.32610	1.25780	79.37160	-41.82510	-8.38370	0.52000	-0.98000	0
21	2018-05-31	ORCL	11014.00000	4161.00000	4660	3.98240	1.29330	80.24330	29.74400	6.98910	-0.98000	0.81000	0
20	2018-08-31	ORCL	9193.00000	2778.00000	6722.00000	3.42550	1.50730	78.75560	24.63830	5.87340	0.81000	0.57000	0
19	2018-11-30	ORCL	9562.00000	3101.00000	546	2.80280	1.86890	79.07340	24.39870	7.51250	0.57000	0.61000	0
18	2019-02-28	ORCL	9614.00000	3399.00000	2861	2.64740	2.31700	79.44660	28.55210	11.32520	0.61000	0.76000	0
17	2019-05-31	ORCL	11137.00000	4257.00000	4422	2.48990	2.51160	81.45820	33.58180	16.72410	0.76000	1.03000	0
16	2019-08-31	ORCL	9218.00000	2877.00000	6000.00000	2.24550	2.86240	78.76980	23.18290	11.23610	1.03000	0.63000	0
15	2019-11-30	ORCL	9614.00000	3183.00000	513	2.36710	3.19240	78.69770	24.03790	14.27870	0.63000	0.69000	0
14	2020-02-29	ORCL	9796.00000	3528.00000	3012	2.12470	3.47250	79.95100	26.24540	17.27710	0.69000	0.79000	0
13	2020-05-31	ORCL	10440.00000	4308.00000	3614	3.03140	5.63000	81.13990	29.84670	24.50260	0.79000	0.97000	0
12	2020-08-31	ORCL	9367.00000	3211.00000	5953.00000	2.66370	6.97890	79.92950	24.03120	22.19920	0.97000	0.72000	0
11	2020-11-30	ORCL	9800.00000	3583.00000	1388	2.16660	8.21520	80.21430	24.91840	28.34260	0.72000	0.80000	0
10	2021-02-28	ORCL	10085.00000	3878.00000	3704	2.16020	7.19090	81.01140	49.78680	52.10130	0.80000	1.68000	0
9	2021-05-31	ORCL	11227.00000	4541.00000	4842	2.29960	14.15410	81.10810	35.91340	67.74190	1.68000	1.35000	0
8	2021-08-31	ORCL	9728.00000	3427.00000	5391.00000	2.04230	-73.20180	78.38200	25.25700	-217.43360	1.35000	0.86000	0
7	2021-11-30	ORCL	10360.00000	-824.00000	-3682	1.64600	-8.12080	79.16020	-12.03670	12.91160	0.86000	-0.46000	0
6	2022-02-28	ORCL	10513.00000	3822.00000	3845	1.52040	-9.54980	78.90230	22.05840	-28.24260	-0.46000	0.84000	0
5	2022-05-31	ORCL	11839.00000	4501.00000	3985	1.62130	-13.15170	79.75340	26.92800	-55.27050	0.84000	1.17000	0
4	2022-08-31	ORCL	11445.00000	2623.00000	6394.00000	0.60320	-16.80620	73.46440	13.52560	-28.40890	1.17000	0.56000	0
3	2022-11-30	ORCL	12275.00000	3071.00000	849	0.64790	-24.07810	72.64360	14.18330	-46.10700	0.56000	0.63000	0
2	2023-02-28	ORCL	12398.00000	3260.00000	4275	0.81710	-48.01830	72.26170	15.29280	-99.16320	0.63000	0.68000	0
1	2023-05-31	ORCL	13836.00000	4139.00000	5647	0.90970	58.14970	73.04130	23.98090	213.23910	0.68000	1.20000	0
0	2023-08-31	ORCL	12453.00000	3296.00000	6974.00000	0.87420	31.30620	71.01100	19.43310	85.18130	1.20000	0.86000	0
58	2009-01-31	CRM	289.58310	16.09010	229.557	1.39320	0.01120	79.71770	4.74920	2.69020	0	0.02750	0
57	2009-04-30	CRM	304.92400	30.12300	97.97600	1.10540	0.02010	79.73270	6.04610	2.49540	0.02750	0.03750	0
56	2009-07-31	CRM	316.06100	29.48900	45.855	0.98420	0.01840	80.22660	6.70690	2.64190	0.03750	0.04250	0
55	2009-10-31	CRM	330.54900	30.14100	35.52	1.05020	0.01720	80.16330	6.25960	2.46320	0.04250	0.04000	0
54	2010-01-31	CRM	354.04900	25.51910	91.56	1.87880	0.43880	80.77690	5.76020	2.23490	0.04000	0.03750	0
53	2010-04-30	CRM	376.81300	33.05000	143.18300	1.50790	0.40710	81.00360	4.70920	1.73080	0.03750	0.03250	0
52	2010-07-31	CRM	394.37200	29.68200	76.096	1.19770	0.37890	80.27500	3.73860	1.32080	0.03250	0.02750	0
51	2010-10-31	CRM	429.08700	35.15600	74.04	1.20130	0.40810	80.85910	4.91090	1.84480	0.02750	0.03750	0
50	2011-01-31	CRM	456.86700	-0.39090	165.762	0.84210	0.39020	79.79480	2.38870	0.85160	0.03750	0.02000	0
49	2011-04-30	CRM	504.36400	-2.80300	139.51800	0.70500	0.42000	79.56520	0.10510	0.04220	0.02000	0.00000	0
48	2011-07-31	CRM	546.00200	-15.74800	82.933	0.61450	0.37390	77.85540	-0.78170	-0.30100	0.00000	-0.00750	0
47	2011-10-31	CRM	584.26000	-10.15700	128.709	0.62660	0.36220	77.99520	-0.64290	-0.25070	-0.00750	-0.00750	0
46	2012-01-31	CRM	631.91310	-6.37700	240.347	0.72700	0.35800	78.42340	-0.64530	-0.25690	-0.00750	-0.00500	0
45	2012-04-30	CRM	695.46700	-22.24900	213.21200	0.78900	0.30400	78.20880	-2.80030	-1.07610	-0.00500	-0.04000	0
44	2012-07-31	CRM	731.64900	-13.46600	136.197	0.79560	0.29500	77.80110	-1.34340	-0.51940	-0.04000	-0.02000	0
43	2012-10-31	CRM	788.39800	-54.18790	105.915	0.54120	0.27770	76.37640	-27.94240	-10.57280	-0.02000	-0.39000	0
42	2013-01-31	CRM	834.68120	-20.80700	281.573	0.69090	0.22490	78.03200	-2.49720	-0.89940	-0.39000	-0.03000	0
41	2013-04-30	CRM	892.63300	-44.54000	283.18900	1.05360	0.68800	76.58680	-7.58670	-2.74980	-0.03000	-0.12000	0
40	2013-07-31	CRM	957.09400	-39.85710	183.183	0.55440	0.66330	77.25230	8.00370	2.71770	-0.12000	0.12000	0
39	2013-10-31	CRM	1076.03400	-97.93100	137.859	0.58160	0.64370	75.07630	-11.56410	-4.27260	0.12000	-0.21000	0
38	2014-01-31	CRM	1145.24200	-103.74620	271.238	0.67340	0.61680	76.11600	-10.18330	-3.83820	-0.21000	-0.18000	0
37	2014-04-30	CRM	1226.77200	-55.34090	473.08700	0.60700	0.51260	76.17280	-7.89970	-3.09430	-0.18000	-0.16000	0
36	2014-07-31	CRM	1318.55100	-33.43410	245.893	0.65800	0.48290	76.65380	-4.63300	-1.85080	-0.16000	-0.10000	0
35	2014-10-31	CRM	1383.65500	-22.04200	122.511	0.73730	0.40740	75.91810	-2.81310	-1.02690	-0.10000	-0.06000	0
34	2015-01-31	CRM	1444.60800	-34.81580	339.953	0.80060	0.34480	75.36200	-4.55240	-1.65440	-0.06000	-0.10000	0
33	2015-04-30	CRM	1511.16700	31.10500	735.08100	0.65760	0.30120	74.73460	0.27080	0.09660	-0.10000	0.01000	0
32	2015-07-31	CRM	1634.68400	19.82400	304.278	0.70920	0.28260	75.20110	-0.05210	-0.01880	0.01000	0.00000	0
31	2015-10-31	CRM	1711.96700	43.43410	162.514	0.73890	0.27110	75.25170	-1.46950	-0.52960	0.00000	-0.04000	0
30	2016-01-31	CRM	1809.39800	20.55980	470.208	1.02040	0.25710	75.47920	-1.40980	-0.50990	-0.04000	-0.04000	0
29	2016-04-30	CRM	1916.60300	51.98600	1051.06200	0.74230	0.23160	74.06970	2.02230	0.69410	-0.04000	0.06000	0
28	2016-07-31	CRM	2036.61800	32.55100	250.678	0.60970	0.29300	74.19350	11.27470	3.74430	0.06000	0.33000	0
27	2016-10-31	CRM	2144.77500	3.03590	154.312	0.60330	0.26510	72.70010	-1.73950	-0.54820	0.33000	-0.05000	0
26	2017-01-31	CRM	2339.00400	130.42710	705.948	0.82200	0.26780	73.24000	3.93020	1.22570	-0.05000	0.12000	0
25	2017-04-30	CRM	2397.00000	4.00000	1230.00000	0.70870	0.22930	72.84110	0.04170	0.01260	0.12000	0.00000	0
24	2017-07-31	CRM	2577.00000	84.00000	331	0.77210	0.21820	74.00080	1.78500	0.54430	0.00000	0.06000	0
23	2017-10-31	CRM	2701.00000	155.00000	125	0.82400	0.20780	73.56540	3.96150	1.21190	0.06000	0.14000	0
22	2018-01-31	CRM	2865.00000	211.00000	1052	0.95200	0.16580	74.24080	7.19020	1.98540	0.14000	0.29000	0
21	2018-04-30	CRM	3006.00000	191.00000	1466.00000	1.28580	0.28710	74.48440	11.44380	3.11030	0.29000	0.46000	0
20	2018-07-31	CRM	3281.00000	115.00000	458	0.80320	0.27170	74.12370	9.11310	2.21020	0.46000	0.39000	0
19	2018-10-31	CRM	3392.00000	92.00000	143	0.85640	0.25020	73.79130	3.09550	0.71460	0.39000	0.13000	0
18	2019-01-31	CRM	3603.00000	137.00000	1331	0.94920	0.20330	73.74410	10.04720	2.31980	0.13000	0.45000	0
17	2019-04-30	CRM	3737.00000	210.00000	1965.00000	0.95680	0.19290	75.54190	10.48970	2.38360	0.45000	0.49000	0
16	2019-07-31	CRM	3997.00000	58.00000	436	0.97140	0.17320	75.80690	2.27670	0.53010	0.49000	0.11000	0
15	2019-10-31	CRM	4513.00000	65.00000	298	1.05270	0.08490	74.87260	-2.41520	-0.32750	0.11000	-0.12000	0
14	2020-01-31	CRM	4851.00000	-36.00000	1632	1.07530	0.07890	74.85060	-5.11230	-0.73190	-0.12000	-0.33000	0
13	2020-04-30	CRM	4865.00000	-140.00000	1859.00000	1.14560	0.07730	74.22410	2.03490	0.28640	-0.33000	0.11000	0
12	2020-07-31	CRM	5151.00000	178.00000	429	1.14530	0.06950	74.54860	50.96100	6.82880	0.11000	2.85000	0
11	2020-10-31	CRM	5419.00000	224.00000	339	1.22170	0.06630	74.27570	19.94830	2.68170	2.85000	1.15000	0
10	2021-01-31	CRM	5817.00000	193.00000	2174	1.23470	0.06440	74.57450	4.59000	0.64350	1.15000	0.27000	0
9	2021-04-30	CRM	5963.00000	354.00000	3228.00000	1.33420	0.06280	73.92250	7.86520	1.10180	0.27000	0.50000	0
8	2021-07-31	CRM	6340.00000	332.00000	386	0.93460	0.21480	74.55840	8.43850	0.96360	0.50000	0.56000	0
7	2021-10-31	CRM	6863.00000	38.00000	404	1.06130	0.18560	73.13130	6.81920	0.82030	0.56000	0.47000	0
6	2022-01-31	CRM	7326.00000	-176.00000	1982	1.04870	0.18230	72.50890	-0.38220	-0.04820	0.47000	-0.05000	0
5	2022-04-30	CRM	7411.00000	20.00000	3676.00000	1.02570	0.18000	72.40590	0.37780	0.04760	-0.05000	0.03000	0
4	2022-07-31	CRM	7720.00000	193.00000	334	1.05810	0.17640	72.44820	0.88080	0.11310	0.03000	0.07000	0
3	2022-10-31	CRM	7837.00000	460.00000	313	1.05390	0.17860	73.35720	2.67960	0.35380	0.07000	0.21000	0
2	2023-01-31	CRM	8384.00000	357.00000	2788	1.01950	0.18170	74.95230	-1.16890	-0.16790	0.21000	-0.10000	0
1	2023-04-30	CRM	8247.00000	412.00000	4491.00000	1.01640	0.16720	74.23310	2.41300	0.34660	-0.10000	0.20000	0
0	2023-07-31	CRM	8603.00000	1476.00000	808	1.01600	0.16220	75.43880	14.72740	2.18140	0.20000	1.28000	0
55	2009-12-31	GM			1064						0	0.00000	0
54	2010-03-31	GM	31476.00000	1193.00000	1850.00000			12.46350	2.74810		0.00000	0.55000	0
53	2010-06-30	GM	33174.00000	1903.00000	3845			13.76080	4.02120		0.55000	0.85000	0
52	2010-09-30	GM	34060.00000	1733.00000	2624			13.13270	5.75160		0.85000	1.20000	0
51	2010-12-31	GM	36900.00000	297.00000	-1539	1.12500	0.31190	9.99190	3.81030	5.25250	1.20000	0.31000	0
50	2011-03-31	GM	36194.00000	949.00000	-377.00000	1.21800	0.31940	12.00200	8.70590	11.88710	0.31000	1.77000	0
49	2011-06-30	GM	39373.00000	2451.00000	5064	1.22540	0.28600	13.69970	6.41050	9.59830	1.77000	1.54000	0
48	2011-09-30	GM	36719.00000	1806.00000	2037	1.23700	0.25570	12.99870	4.70060	5.93900	1.54000	1.03000	0
47	2011-12-31	GM	37990.00000	450.00000	1442	1.21980	0.35480	12.09270	0.48430	2.61190	1.03000	0.24000	0
46	2012-03-31	GM	37759.00000	996.00000	2499.00000	1.22340	0.35440	12.18520	2.65900	4.53800	0.24000	0.60000	0
45	2012-06-30	GM	37614.00000	1821.00000	3942	1.23970	0.35550	12.41030	3.95330	6.08920	0.60000	0.90000	0
44	2012-09-30	GM	37576.00000	1603.00000	3383	1.25140	0.39060	12.05560	3.92800	5.75100	0.90000	0.89000	0
43	2012-12-31	GM	39307.00000	-34783.00000	781	1.29640	0.43380	-7.59660	2.26930	3.87460	0.89000	0.53000	0
42	2013-03-31	GM	36884.00000	959.00000	819.00000	1.28350	0.48060	10.60350	2.34520	4.24060	0.53000	0.58000	0
41	2013-06-30	GM	39075.00000	1751.00000	4893	1.29530	0.68580	11.96670	3.07100	4.85090	0.58000	0.75000	0
40	2013-09-30	GM	38983.00000	2256.00000	3860	1.29730	0.85980	13.31860	1.79050	5.79990	0.75000	0.45000	0
39	2013-12-31	GM	40485.00000	165.00000	3058	1.30590	0.83810	10.55950	2.48730	2.62820	0.45000	0.60000	0
38	2014-03-31	GM	37408.00000	-535.00000	1976.00000	1.25430	0.88160	6.43180	0.33420	0.70470	0.60000	0.06000	0
37	2014-06-30	GM	39649.00000	-471.00000	3830	1.26670	0.94110	7.24360	0.47920	0.72700	0.06000	0.11000	0
36	2014-09-30	GM	39255.00000	1227.00000	1088	1.28680	0.94360	10.56680	3.52570	3.56450	0.11000	0.81000	0
35	2014-12-31	GM	39617.00000	1309.00000	3167	1.27370	1.29540	11.06090	2.78920	5.57680	0.81000	0.67000	0
34	2015-03-31	GM	35712.00000	753.00000	375.00000	1.23590	1.31050	10.83670	2.64620	2.46590	0.67000	0.56000	0
33	2015-06-30	GM	38180.00000	1288.00000	5786	1.21610	1.50030	11.17080	2.92560	3.19600	0.56000	0.67000	0
32	2015-09-30	GM	38843.00000	997.00000	3308	1.13200	1.63380	13.59060	3.49870	3.81670	0.67000	0.84000	0
31	2015-12-31	GM	22990.00000	2500.00000	2300	0.97460	1.56510	17.45110	27.25530	15.37830	0.84000	3.84000	0
30	2016-03-31	GM	37265.00000	1972.00000	-108.00000	0.94730	1.72170	12.85390	5.24080	4.67270	3.84000	1.24000	0
29	2016-06-30	GM	37383.00000	2972.00000	6127	0.98140	1.71170	14.65910	7.66660	6.23590	1.24000	1.81000	0
28	2016-09-30	GM	38889.00000	3148.00000	6570	0.92680	1.75720	14.26620	7.13060	6.01360	1.81000	1.76000	0
27	2016-12-31	GM	35647.00000	594.00000	4018	0.89460	1.70440	9.01340	5.14770	4.28130	1.76000	1.19000	0
26	2017-03-31	GM	37266.00000	2583.00000	2041.00000	0.87560	1.96700	13.25340	6.99830	5.81210	1.19000	1.70000	0
25	2017-06-30	GM	36984.00000	2297.00000	5518	0.90220	1.94840	12.90830	4.48840	5.32090	1.70000	1.09000	0
24	2017-09-30	GM	33623.00000	1576.00000	2881	0.93610	2.13150	11.53680	-8.87190	0.26220	1.09000	-2.03000	0
23	2017-12-31	GM	37715.00000	2205.00000	6888	0.89410	2.60270	12.30020	-13.69480	-13.54420	-2.03000	-3.36000	0
22	2018-03-31	GM	36099.00000	529.00000	448.00000	0.86360	2.78690	8.03620	2.89760	3.13050	-3.36000	0.72000	0
21	2018-06-30	GM	36760.00000	1477.00000	5105	0.87740	2.54320	10.04630	6.46080	6.12380	0.72000	1.66000	0
20	2018-09-30	GM	35791.00000	1610.00000	3673	0.88980	2.50170	11.71800	6.99340	6.18460	1.66000	1.75000	0
19	2018-12-31	GM	38399.00000	829.00000	6030	0.91560	2.45340	8.61220	5.18760	4.83670	1.75000	1.40000	0
18	2019-03-31	GM	34878.00000	1244.00000	-81.00000	0.93890	2.39890	9.58480	6.07550	4.80530	1.40000	1.48000	0
17	2019-06-30	GM	36060.00000	2487.00000	5076	0.96460	2.26300	12.72600	6.60290	5.10310	1.48000	1.66000	0
16	2019-09-30	GM	35473.00000	2304.00000	6553	0.95620	2.14200	12.15570	6.52050	4.73850	1.66000	1.60000	0
15	2019-12-31	GM	30826.00000	-554.00000	3473	0.88320	2.24830	5.60570	-0.75260	-0.41780	1.60000	-0.17000	0
14	2020-03-31	GM	32709.00000	657.00000	1561.00000	1.07020	2.85440	8.03140	0.75510	0.64540	-0.17000	0.17000	0
13	2020-06-30	GM	16778.00000	-1214.00000	-2815	1.12310	2.92400	0.57220	-4.80390	-1.79340	0.17000	-0.56000	0
12	2020-09-30	GM	35480.00000	4424.00000	11231	1.10640	2.44890	17.05750	11.28810	8.36940	-0.56000	2.78000	0
11	2020-12-31	GM	37518.00000	2767.00000	6693	1.01270	2.21220	13.05240	7.46580	5.63040	2.78000	1.94000	0
10	2021-03-31	GM	32474.00000	3277.00000	1266.00000	1.07560	2.04340	15.64330	9.16430	5.53610	1.94000	2.03000	0
9	2021-06-30	GM	34167.00000	2882.00000	7162	1.10420	1.91600	14.65450	8.16580	4.80160	2.03000	1.90000	0
8	2021-09-30	GM	26779.00000	1645.00000	-49	1.08120	1.80620	14.16410	8.86890	3.95550	1.90000	1.62000	0
7	2021-12-31	GM	33584.00000	1520.00000	6809	1.10340	1.66190	11.90450	5.05000	2.68330	1.62000	1.15000	0
6	2022-03-31	GM	35979.00000	2196.00000	2104.00000	1.11360	1.64440	13.06320	5.52270	4.20370	1.15000	1.35000	0
5	2022-06-30	GM	35759.00000	2116.00000	3124	1.14730	1.61720	12.32980	4.65900	2.40550	1.35000	1.14000	0
4	2022-09-30	GM	41889.00000	3392.00000	5191	1.14260	1.61930	14.01080	7.82540	4.67650	1.14000	2.25000	0
3	2022-12-31	GM	43108.00000	2610.00000	5624	1.10180	1.59470	13.92550	4.60240	2.79170	2.25000	1.39000	0
2	2023-03-31	GM	39985.00000	2579.00000	3086.00000	1.09590	1.54700	12.81980	5.92470	3.17330	1.39000	1.69000	0
1	2023-06-30	GM	44746.00000	2788.00000	7591	1.15190	1.55970	11.94740	5.67650	3.31240	1.69000	1.83000	0
0	2023-09-30	GM	44131.00000	3012.00000	6596	1.14360	1.51620	12.13660	6.88400	3.81860	1.83000	2.20000	0
13	2009-12-31	F	116283.00000	3358.00000	15477.00000	2.15750	-16.91530	14.97810	2.33650	-34.84970	0	0.86000	8.54640
12	2010-12-31	F	128954.00000	12810.00000	11477.00000	1.99210	-161.97510	19.00140	5.08790	-1021.34000	0.86000	1.66000	14.26400
11	2011-12-31	F	135605.00000	11146.00000	9784.00000	2.14500	6.60130	16.21920	14.90580	134.17820	1.66000	4.94000	11.35800
10	2012-12-31	F	133559.00000	8914.00000	9045.00000	6.48300	6.57060	15.36400	4.20260	35.09910	4.94000	1.41000	10.64250
9	2013-12-31	F	146917.00000	15669.00000	10444.00000	6.73720	4.38660	18.19190	8.13590	45.69130	1.41000	2.94000	15.11940
8	2014-12-31	F	144077.00000	7210.00000	14507.00000	6.58040	4.87110	13.22350	0.85440	5.02760	2.94000	0.31000	10.15640
7	2015-12-31	F	149558.00000	14349.00000	16226.00000	1.24600	4.63600	16.79080	4.92990	25.72150	0.31000	1.84000	14.92060
6	2016-12-31	F	151800.00000	5786.00000	19850.00000	1.20140	4.89840	16.86760	3.02310	15.76040	1.84000	1.15000	9.55400
5	2017-12-31	F	156776.00000	4881.00000	18096.00000	1.23470	4.33320	16.23650	4.93120	21.78570	1.15000	1.93000	8.58100
4	2018-12-31	F	160338.00000	3203.00000	15022.00000	1.19960	4.28770	15.01140	2.29330	10.27360	1.93000	0.92000	7.24470
3	2019-12-31	F	155900.00000	574.00000	17639.00000	1.16220	4.67370	13.60300	0.03010	0.25280	0.92000	0.01000	5.81400
2	2020-12-31	F	127144.00000	-4408.00000	24269.00000	1.20120	5.24760	11.31950	-1.00590	-4.14140	0.01000	-0.32000	2.39810
1	2021-12-31	F	136341.00000	4523.00000	15787.00000	1.20140	2.84010	15.90860	13.15600	36.83520	-0.32000	4.45000	7.68880
0	2022-12-31	F	158057.00000	6276.00000	6853.00000	1.20240	3.21930	14.96930	-1.25330	-4.98530	4.45000	-0.49000	8.07870
13	2009-12-31	CVS	98215.00000	6425.00000	4035.00000	1.42580	0.31240	20.72800	3.76320	10.34440	0	2.55000	7.95600
12	2010-12-31	CVS	95778.00000	6137.00000	4779.00000	1.59950	0.26680	21.11030	3.57810	9.07690	2.55000	2.49000	7.94130
11	2011-12-31	CVS	107080.00000	6331.00000	5856.00000	1.55520	0.26320	19.20250	3.23310	9.16930	2.49000	2.57000	7.37670
10	2012-12-31	CVS	123120.00000	7210.00000	6671.00000	1.42480	0.26100	18.26510	3.13840	10.27540	2.57000	3.02000	7.27990
9	2013-12-31	CVS	126761.00000	8037.00000	5783.00000	1.64180	0.35330	18.76210	3.62260	12.12510	3.02000	3.74000	7.81550
8	2014-12-31	CVS	139367.00000	8799.00000	8137.00000	1.36560	0.33950	18.20160	3.33220	12.23560	3.74000	3.96000	7.69910
7	2015-12-31	CVS	153290.00000	9475.00000	8539.00000	1.25850	0.73820	17.30580	3.41640	14.05800	3.96000	4.63000	7.54580
6	2016-12-31	CVS	177546.00000	10386.00000	10141.00000	1.18260	0.74740	17.46760	2.99470	14.44320	4.63000	4.90000	7.24380
5	2017-12-31	CVS	184786.00000	9538.00000	8007.00000	1.01900	0.71630	16.95910	3.58360	17.59120	4.90000	6.44000	6.60120
4	2018-12-31	CVS	194579.00000	4021.00000	8865.00000	1.02800	1.25430	19.59720	-0.30530	-1.01810	6.44000	-0.57000	6.62350
3	2019-12-31	CVS	256776.00000	11987.00000	12848.00000	0.94370	1.06720	38.18780	2.58360	10.33350	-0.57000	5.08000	6.37050
2	2020-12-31	CVS	268706.00000	13911.00000	15865.00000	0.90890	0.92750	38.97380	2.67170	10.33130	5.08000	5.46000	6.82980
1	2021-12-31	CVS	292111.00000	13193.00000	18265.00000	0.88500	0.74520	39.81640	2.70790	10.47740	5.46000	5.95000	6.20860
0	2022-12-31	CVS	322467.00000	7746.00000	16177.00000	0.94190	0.73270	38.94200	1.28660	5.84030	5.95000	3.14000	3.71910
13	2009-12-31	COP	152390.00000	11247.00000	12479.00000	0.89330	0.45760	32.00670	2.89650	7.17420	0	2.94000	13.75680
12	2010-12-31	COP	63335.00000	19447.00000	17045.00000	1.26410	0.34140	58.98160	17.93320	14.91120	2.94000	7.62000	43.98830
11	2011-12-31	COP	66069.00000	16796.00000	19646.00000	1.07660	0.34410	53.32910	18.82280	10.93250	7.62000	8.97000	36.39380
10	2012-12-31	COP	62004.00000	16567.00000	13922.00000	1.37530	0.44860	56.88670	13.59270	15.44800	8.97000	6.72000	37.96690
9	2013-12-31	COP	58248.00000	15434.00000	16141.00000	1.25740	0.41270	59.01150	15.71900	15.31090	6.72000	7.38000	40.00480
8	2014-12-31	COP	55517.00000	10456.00000	16569.00000	1.30610	0.43170	56.51060	12.37280	11.10900	7.38000	5.51000	34.70830
7	2015-12-31	COP	30935.00000	-5911.00000	7572.00000	0.94950	0.62070	46.28090	-14.31390	-10.90510	5.51000	-3.58000	11.91210
6	2016-12-31	COP	24360.00000	-3879.00000	4403.00000	1.24610	0.77430	51.12480	-14.83990	-10.10330	-3.58000	-2.91000	23.02140
5	2017-12-31	COP	32584.00000	-1120.00000	7077.00000	1.75720	0.63970	58.84790	-2.62400	-2.57460	-2.91000	-0.70000	18.68100
4	2018-12-31	COP	38727.00000	11044.00000	12934.00000	1.79500	0.46680	62.13750	16.15670	19.66380	-0.70000	5.32000	44.80850
3	2019-12-31	COP	36670.00000	10694.00000	11104.00000	2.40140	0.42500	65.68040	19.60460	20.70470	5.32000	6.40000	46.65940
2	2020-12-31	COP	19256.00000	-2154.00000	4802.00000	2.24860	0.51490	50.48300	-14.02680	-8.89480	6.40000	-2.51000	18.79410
1	2021-12-31	COP	48349.00000	13816.00000	16996.00000	1.33520	0.43900	61.73240	16.70980	17.79280	-2.51000	6.07000	43.98440
0	2022-12-31	COP	82156.00000	29183.00000	28314.00000	1.45940	0.34670	57.96410	22.73720	38.91420	6.07000	14.57000	44.95960
14	2009-03-31	TM	208995.00000	-4693.00000	15035.00000	1.06700	1.25420	10.10120	-2.12830	-4.34270	0	-2.84000	5.03740
13	2010-03-31	TM	203687.00000	1586.00000	27499.00000	1.22340	1.14480	11.96350	1.10510	2.23440	-2.84000	1.44000	8.24300
12	2011-03-31	TM	228427.00000	5632.00000	24342.00000	1.09630	1.13560	12.52220	2.14900	4.26260	1.44000	3.14000	8.65480
11	2012-03-31	TM	226106.00000	4327.00000	17672.00000	1.04580	1.08490	11.81170	1.52580	3.32800	3.14000	2.20000	7.65970
10	2013-03-31	TM	234601.00000	14045.00000	26064.00000	1.06760	1.10640	15.51490	4.36060	8.48250	2.20000	6.46000	10.99530
9	2014-03-31	TM	256919.10000	22921.13000	36460.35000	1.07060	1.07280	19.03620	7.09610	13.08660	6.46000	11.50000	13.79020
8	2015-03-31	TM	247834.10000	25030.13000	33540.35000	1.09160	1.07540	19.80150	7.98010	13.07790	11.50000	12.52000	15.27340
7	2016-03-31	TM	235745.90000	23687.95000	37025.11000	1.12930	1.01130	20.41200	8.14240	13.82410	12.52000	12.30660	15.77220
6	2017-03-31	TM	256653.90000	18547.67000	31752.40000	1.02970	1.02610	17.62080	6.63510	10.59770	12.30660	11.14600	13.06410
5	2018-03-31	TM	264415.60000	21598.77000	37890.08000	1.02000	0.99580	18.68770	8.48890	13.30980	11.14600	14.99000	14.07070
4	2019-03-31	TM	272031.10000	22207.91000	33899.37000	1.03580	1.00410	18.01080	6.22940	9.89470	14.99000	11.61200	14.09370
3	2020-03-31	TM	275355.90000	22474.41000	33033.91000	1.04130	0.99110	18.06760	6.93680	10.33060	11.61200	13.42000	13.52570
2	2021-03-31	TM	255817.20000	20658.84000	25635.32000	1.06130	1.05650	17.75660	8.25020	9.39700	13.42000	14.85700	14.11760
1	2022-03-31	TM	279277.60000	26661.69000	33131.27000	1.08610	0.97580	19.03050	9.08270	10.58600	14.85700	18.26500	15.35260
0	2023-03-31	TM	274941.80000	20165.20000	21867.56000	1.10430	1.00400	16.99140	6.59770	8.51880	18.26500	13.28000	12.82470
13	2009-12-31	LMT	43867.00000	4367.00000	3487.00000	1.16570	1.22350	9.45360	6.77730	71.85760	0	7.64000	12.26660
12	2010-12-31	LMT	45671.00000	4105.00000	3801.00000	1.13090	1.43520	8.41670	6.30160	74.74980	7.64000	7.81000	11.29160
11	2011-12-31	LMT	46499.00000	4020.00000	4253.00000	1.16190	6.45350	8.05180	5.70980	266.43360	7.81000	7.81000	10.81310
10	2012-12-31	LMT	47182.00000	4434.00000	1561.00000	1.13990	161.74360	8.89320	5.81790	7038.46100	7.81000	8.36000	11.49170
9	2013-12-31	LMT	45358.00000	4505.00000	4546.00000	1.19870	1.25090	9.23100	6.57220	59.98370	8.36000	9.13000	12.11470
8	2014-12-31	LMT	39946.00000	5012.00000	3866.00000	1.10890	1.80650	11.72330	9.04720	95.67650	9.13000	11.21000	15.03530
7	2015-12-31	LMT	40536.00000	4712.00000	5101.00000	1.04710	4.92770	11.08150	8.89330	100.93640	11.21000	11.46000	14.15530
6	2016-12-31	LMT	47290.00000	5888.00000	5189.00000	1.20460	8.89290	11.42100	10.93890	227.95770	11.46000	17.07000	15.02010
5	2017-12-31	LMT	49960.00000	6744.00000	6476.00000	1.35560	-18.38020	12.75220	3.92910	-243.55670	17.07000	6.75000	15.89070
4	2018-12-31	LMT	53762.00000	7334.00000	3138.00000	1.11840	9.73360	13.53000	9.38580	348.24020	6.75000	17.59000	15.80110
3	2019-12-31	LMT	59812.00000	8545.00000	7311.00000	1.22350	3.99050	13.98880	10.41600	196.46800	17.59000	21.95000	16.27430
2	2020-12-31	LMT	65398.00000	8644.00000	8183.00000	1.39080	2.01540	13.23280	10.44830	114.07750	21.95000	24.30000	15.19010
1	2021-12-31	LMT	67044.00000	9123.00000	9221.00000	1.41570	1.06490	13.51500	9.41920	57.62390	24.30000	22.76000	15.64200
0	2022-12-31	LMT	65984.00000	8348.00000	7802.00000	1.32130	1.66510	12.55910	8.68700	61.86060	22.76000	21.66000	14.77930
